2422 3684
463 398 602 429 REDAZ.
627 397 659 428 Α

143 481 233 512 papa
249 470 323 511 ipso
342 477 375 501 et
391 469 560 513 colligatis
579 469 858 500 excusationibus
879 469 987 500 frivo-
1020 485 1022 505 ;

142 523 183 554 lis
207 523 257 554 usi
282 529 369 555 sunt.
417 524 471 554 Ex
494 533 562 562 quo
591 522 664 564 ipse
689 532 803 552 sumus
828 523 986 562 pontifex

142 577 382 617 imperatorem
395 577 508 607 accire
527 576 571 606 ad
590 576 795 606 descensum
808 575 985 617 disposuit,
1020 573 1022 579 '

143 641 186 660 ne
203 630 343 660 domino
360 628 558 660 Bernaboni
585 628 738 659 debitum
763 629 911 660 solveret
928 639 987 669 pe-
1020 630 1021 636 ¹

143 682 290 719 cuniale‚
307 683 399 724 quod
418 693 461 712 ex
481 688 582 722 pacto
600 680 662 712 sibi
682 682 831 712 ecclesia
848 682 987 712 teneba-

143 742 206 773 tur,
223 741 256 767 et
271 742 308 766 ut
324 734 533 766 Florentinis
557 735 643 765 iusta
669 741 783 775 posset
800 735 918 765 merita
935 744 986 765 re·
1020 738 1021 765 l

351 788 479 830 Sicque
506 788 747 828 imperatorem
772 788 882 828 ipsum
909 798 984 818 cum
1020 782 1021 792 ¹

143 789 307 830 pendere.

142 841 346 873 instantibus
363 841 543 884 legacione
561 847 594 872 et
612 851 716 882 prece
730 842 869 872 tandem
882 841 986 872 suasit

143 895 187 926 ad
203 895 276 926 iter.
323 895 393 933 Qui
408 894 568 926 dominus
581 894 767 935 imperator
784 894 933 925 nobilem
952 899 987 924 et

141 947 307 991 grandem
322 958 382 979 sue
395 947 507 990 gentis
519 948 678 978 indicens
691 952 892 989 apparatum
906 946 987 977 Ale·
1020 942 1021 946 ¹

142 1011 398 1043 manorumque‚
422 1011 565 1042 quorum
590 1007 672 1031 tunc
696 1001 789 1031 sarna
820 1001 853 1030 in
885 1000 986 1030 armis

142 1054 289 1086 celebris
305 1059 388 1091 erat,
405 1053 467 1085 sub
485 1053 627 1095 aliquali
643 1054 791 1094 pecunie
809 1053 985 1084 solucione

141 1117 271 1149 speque
286 1106 440 1138 uberima
457 1106 715 1148 promissorum,
732 1106 766 1137 in
783 1105 839 1137 die
852 1106 987 1137 Palma-

142 1171 225 1197 rum,
251 1159 368 1191 audita
392 1159 505 1197 missa,
530 1159 573 1190 de
600 1158 711 1202 Prage
729 1159 887 1191 discessit
905 1159 987 1190 civi-

141 1219 223 1251 tate,
239 1214 338 1256 regni
356 1213 494 1244 Boemie
509 1212 636 1254 capite,
650 1219 800 1244 armatus
814 1224 889 1244 cum
906 1224 986 1244 ense

142 1272 176 1298 et
194 1267 288 1298 laura
307 1266 418 1307 viridi,
442 1267 555 1297 ferreo
573 1267 751 1298 accinctus
769 1266 887 1307 capiti.
926 1265 986 1297 Set

142 1319 336 1362 priusquam
363 1319 549 1361 imperator
572 1321 645 1361 ipse
667 1329 702 1351 se
719 1319 761 1351 ab
778 1319 859 1350 inde
876 1319 988 1350 solve-

141 1379 203 1410 ret,
220 1373 310 1404 fines
322 1373 434 1414 ipsum
448 1373 513 1404 iam
531 1373 668 1414 pulsare
683 1373 788 1405 Italos
803 1373 895 1403 fama
909 1383 986 1414 pre-
1020 1373 1021 1376 ’

338 1425 482 1457 Interim
515 1426 596 1457 dum
629 1426 679 1458 sic
712 1437 765 1457 res
793 1426 874 1457 hinc
905 1426 987 1457 inde
1020 1426 1022 1435 ¹

141 1426 290 1458 dicabat.

141 1486 318 1522 geruntur,
333 1480 498 1521 frequens
515 1490 632 1511 rumor
648 1480 784 1511 auditus
801 1485 860 1519 est,
880 1479 988 1511 domi-

141 1544 220 1564 num
246 1532 485 1564 Bernabonem
512 1540 696 1564 mantuane
721 1532 815 1564 urbis
840 1534 987 1563 claustra
1020 1546 1021 1549 ¹

142 1593 274 1622 tenere;
294 1597 365 1628 quo,
382 1586 491 1617 territi
507 1592 585 1617 sunt
602 1586 752 1627 quidam,
771 1586 827 1628 qui
845 1586 988 1617 arbitra·
1021 1603 1022 1612 κ

142 1640 266 1671 bantur
282 1639 538 1681 imperatoriam
555 1641 670 1671 sedem
690 1640 736 1671 ibi
755 1650 830 1670 esse
847 1640 987 1671 debere.

142 1692 186 1725 Et
202 1704 244 1724 ex
259 1703 326 1735 quo
340 1693 468 1724 domini
480 1693 544 1733 ipsi
559 1693 735 1724 mantuani
749 1693 894 1729 domini,
910 1693 989 1723 Her-

141 1745 285 1777 nabovis
311 1746 507 1786 potenciam
530 1746 770 1783 formidantes,
784 1756 818 1777 se
843 1756 920 1777 cum
937 1746 989 1787 ip-

141 1799 209 1830 sius
225 1799 364 1831 civitate
381 1799 444 1841 ipsi
463 1810 498 1830 se
516 1799 684 1831 dederant
701 1799 911 1841 imperatori,
930 1799 986 1840 qui

141 1858 175 1883 et
198 1853 247 1884 sic
272 1863 346 1884 esse
373 1852 502 1884 debere
527 1853 655 1893 pluries
690 1853 896 1894 promiserat
920 1863 989 1883 ma-

140 1907 246 1948 gistro
260 1904 402 1937 Andree
416 1906 458 1936 de
473 1906 595 1945 Godio‚
611 1912 779 1938 astrorum
793 1906 916 1947 perito,
931 1906 987 1946 qui

141 1965 239 1999 parte
262 1959 414 2000 ipsorum
440 1960 657 1991 dominorum
683 1961 796 2002 sepius
815 1960 986 2001 adipsum

142 2021 218 2042 cum
243 2011 479 2054 legacionibus
503 2013 564 2043 ivit
589 2020 622 2045 et
645 2014 726 2045 inde
752 2013 888 2045 redivit.

232 2482 305 2517 279.
332 2501 370 2504 —
397 2481 486 2513 Ante
509 2488 623 2514 autem
649 2494 749 2525 quam
783 2489 904 2525 gentes
929 2482 989 2514 do-

143 2535 226 2566 mini
250 2535 464 2567 Bernabonis
484 2541 665 2568 mantuane
683 2536 777 2567 urbis
801 2537 986 2568 serraleum

143 2588 400 2626 subintrassent,
424 2589 504 2620 dum
530 2588 669 2630 publica
693 2590 785 2621 foret
810 2590 901 2620 fama
929 2590 990 2620 do-

143 2642 271 2673 minum
295 2642 405 2682 ipsum
432 2642 672 2674 Bernabonem
696 2643 873 2685 ingentem
905 2655 989 2686 gen-

143 2695 226 2726 tium
252 2696 404 2727 condere
429 2703 640 2737 apparatum,
667 2698 840 2728 mantuani
866 2698 990 2728 heroes

143 2758 211 2779 non
234 2748 407 2780 modicum
433 2750 621 2781 hesitantes
649 2749 806 2781 dominos
830 2751 990 2782 cardina-

144 2802 210 2832 lem
229 2808 263 2833 et
279 2803 512 2835 marchionem
529 2810 697 2836 estensem
715 2811 749 2836 et
766 2803 986 2835 Franciscum

144 2855 187 2886 de
211 2855 382 2894 Carraria,
395 2857 451 2898 qui
477 2867 519 2888 ex
542 2857 637 2888 facta
660 2858 788 2889 unione
814 2857 895 2899 ipsis
920 2867 989 2887 non

1074 629 1090 658 υἱ

1050 894 1089 923 10

1057 1158 1092 1189 15

1048 1954 1094 1984 30

1052 2220 1092 2250 35

1054 2539 1094 2569 40

1054 2795 1092 2825 45

1482 399 1620 430 REDAZ.
1646 399 1677 429 D

1146 469 1302 510 pensiero
1319 480 1386 500 non
1412 470 1497 500 have
1524 469 1666 507 effecto,
1693 470 1766 509 che,
1785 470 1905 502 stando
1927 481 1989 512 per

1147 523 1180 553 lo
1195 523 1288 554 dicto
1306 523 1429 554 mesier
1441 523 1474 553 lo
1488 532 1578 563 papa
1595 523 1762 563 requiridi
1780 523 1789 553 i
1805 524 1994 555 Fiorentini

1148 576 1191 606 de
1209 576 1313 608 union
1329 575 1453 607 conlui
1472 581 1504 606 et
1520 586 1583 606 con
1602 576 1612 606 i
1629 575 1805 619 colligadi‚
1823 577 1881 608 elli
1898 578 1995 608 troi-b

1148 640 1184 660 so
1204 640 1301 661 scuse
1323 630 1411 660 assai
1429 629 1573 661 frevole.
1620 629 1686 660 Per
1706 630 1737 660 la
1761 631 1838 670 qual
1865 641 1947 661 cosa
1965 631 1996 661 el

1147 682 1240 713 dicto
1264 693 1356 724 papa
1380 683 1536 723 despose‚
1561 693 1627 723 pur
1658 683 1721 714 che
1756 683 1774 712 ’l
1800 683 1997 723 imperador

1148 736 1394 772 desmontasse‚
1413 736 1543 777 acoche
1565 735 1632 767 ello
1656 747 1700 766 uo
1717 747 1858 779 pag-asse
1884 748 1902 767 a
1928 748 1997 767 me-

1147 789 1215 821 sier
1240 788 1399 820 Ber-nabo
1424 790 1456 819 el
1488 789 1604 820 debito
1628 789 1672 820 de
1696 790 1854 826 moueda,
1878 791 1944 821 che
1964 791 1996 820 la

1148 842 1278 873 Ghiesa
1294 853 1357 883 per
1373 848 1476 883 pacto
1493 853 1577 885 gera
1592 842 1750 884 fignudo,
1769 849 1801 873 et
1820 843 1949 885 acoclie
1974 843 1995 873 ⁷1

1147 905 1305 936 possesse
1330 896 1456 927 render
1472 896 1504 926 ai
1528 896 1718 927 Fiorentini
1741 896 1749 926 ἰ
1771 896 1846 927 iusti
1871 897 1994 928 meriti.

1148 949 1191 980 Et
1216 949 1288 980 cosi
1306 949 1337 979 el
1356 949 1517 980 conforto
1534 949 1756 990 l'imperador
1774 950 1818 981 ad
1836 949 1996 981 desinon—

1147 1008 1199 1033 tar
1216 1013 1282 1034 con
1299 1003 1431 1044 grande
1456 1003 1654 1034 ambaxarie
1680 1010 1712 1034 et
1729 1003 1922 1045 preghiere.
1954 1003 1995 1034 El

1147 1056 1228 1097 qual
1258 1055 1455 1096 imperador
1486 1057 1704 1088 comandado
1736 1068 1779 1087 un
1814 1057 1929 1088 nobile
1963 1063 1997 1088 et

1147 1109 1280 1150 grande
1295 1109 1504 1150 apparechio
1519 1110 1562 1141 de
1576 1120 1613 1141 so
1630 1115 1733 1151 gente
1748 1110 1791 1141 de
1806 1109 1997 1147 Alemanni,

1146 1162 1180 1193 la
1196 1172 1410 1205 nomenanca
1426 1163 1460 1194 di
1485 1163 1576 1205 quali
1600 1163 1708 1194 allora
1732 1175 1790 1195 era
1814 1165 1944 1205 grande
1962 1164 1997 1195 in

1147 1215 1242 1246 facto
1260 1215 1400 1248 d’arme,
1419 1217 1626 1259 dagandoge
1644 1217 1754 1258 prima
1770 1218 1873 1260 algun
1891 1227 1995 1259 paga-

1148 1275 1264 1300 mento
1282 1274 1315 1300 et
1331 1279 1416 1311 gran
1441 1281 1608 1313 speranca
1633 1272 1674 1301 de
1699 1281 1885 1312 promesse,
1910 1270 1943 1301 el
1962 1271 1996 1302 di

1149 1321 1239 1353 delle
1256 1321 1384 1360 palme,
1402 1322 1578 1354 habiando
1596 1324 1707 1364 prima
1723 1324 1804 1356 audi
1821 1335 1942 1361 messa,
1960 1335 1995 1356 se

1148 1377 1237 1416 parti
1253 1376 1296 1406 de
1311 1375 1435 1418 Praga,
1447 1386 1532 1407 cavo
1546 1377 1602 1408 del
1613 1387 1775 1419 regname
1790 1378 1831 1409 de
1843 1378 1994 1418 Boemia,

1148 1429 1288 1460 armado
1311 1438 1376 1459 con
1402 1429 1435 1460 la
1458 1430 1566 1471 spada
1583 1436 1616 1461 et
1641 1440 1705 1462 con
1722 1430 1836 1462 l’elmo
1853 1431 1887 1461 in
1908 1436 1996 1462 testa

1148 1491 1214 1513 con
1231 1481 1262 1512 la
1281 1482 1396 1513 laurea
1413 1483 1531 1514 verde.
1564 1483 1632 1520 Ma,
1651 1486 1750 1526 nanci
1771 1486 1834 1514 clie
1853 1484 1884 1515 el
1900 1484 1994 1515 dicto

1146 1535 1344 1576 imperador
1368 1537 1512 1577 partisse
1538 1537 1580 1567 de
1607 1537 1760 1574 Boemia‚
1786 1537 1815 1567 el
1840 1547 1875 1567 se
1900 1537 1995 1568 disea

1149 1588 1189 1630 ca
1212 1598 1274 1629 per
1298 1599 1512 1632 nomenanca
1537 1590 1600 1620 che
1627 1590 1695 1621 ello
1729 1600 1786 1620 era
1822 1590 1856 1620 in
1882 1590 1992 1621 Italia.

1150 1642 1192 1672 Et
1217 1642 1250 1672 in
1276 1648 1396 1683 questo
1421 1643 1485 1673 che
1511 1642 1542 1673 le
1569 1653 1648 1673 cose
1676 1644 1718 1674 de
1745 1653 1812 1684 qua
1836 1650 1869 1674 et
1894 1642 1936 1674 de
1962 1643 1993 1674 la

1149 1705 1183 1725 se
1203 1695 1247 1734 fa,
1273 1695 1345 1726 cosi
1369 1694 1399 1725 el
1420 1705 1455 1726 se
1481 1706 1602 1737 spanse
1625 1707 1692 1727 una
1712 1696 1823 1728 subita
1843 1697 1993 1734 novella,

1149 1748 1212 1779 che
1238 1748 1362 1779 mesier
1387 1747 1547 1780 Bernaba
1572 1750 1682 1781 havea
1706 1760 1806 1791 preso
1832 1751 1863 1781 el
1881 1751 1991 1781 seraio

1149 1801 1192 1832 de
1210 1801 1362 1847 Mantoa.
1398 1802 1498 1833 Della
1515 1803 1594 1844 qual
1612 1813 1692 1834 cosa
1709 1813 1743 1833 se
1761 1803 1863 1834 smari
1884 1804 1992 1840 molti,

1149 1855 1266 1896 iquali
1292 1865 1444 1895 pensava
1468 1856 1532 1887 che
1556 1857 1589 1887 in
1614 1858 1693 1898 quel
1720 1857 1821 1900 luogo
1847 1857 1991 1888 dovesse

1809 1911 1851 1942 Et
1876 1921 1937 1951 per
1962 1910 1994 1940 la

1148 1962 1227 2003 qual
1253 1972 1334 1994 cosa
1359 1964 1510 1994 etiandio
1537 1963 1688 2006 isignori
1714 1965 1757 1995 de
1777 1962 1919 1995 Mantoa
1944 1970 1991 1994 te-

1149 2016 1274 2047 mando
1295 2017 1328 2046 la
1352 2026 1518 2057 possanca
1542 2017 1585 2047 de
1610 2017 1736 2048 mesier
1762 2017 1932 2053 Remedio,
1956 2028 1991 2048 se

1149 2069 1257 2100 havea
1282 2069 1325 2100 cla
1349 2068 1376 2100 si
1401 2080 1419 2100 e
1444 2070 1477 2100 la
1501 2081 1559 2102 soa
1584 2076 1673 2101 terra
1697 2071 1729 2102 al
1762 2070 1858 2101 dicto
1881 2070 1993 2112 impe-

1148 2124 1262 2159 rador,
1287 2123 1317 2153 el
1343 2123 1422 2164 qual
1441 2124 1558 2164 plusor
1575 2124 1669 2155 riade
1687 2125 1795 2155 havea
1816 2134 1990 2165 promesso

1147 2187 1166 2207 a
1199 2176 1338 2207 maistro
1372 2176 1513 2208 Andrea
1545 2177 1588 2208 da
1614 2177 1717 2214 Gadi,
1749 2177 1935 2219 astrologo.
1961 2176 1993 2208 el

1148 2230 1225 2271 qual
1251 2239 1313 2271 per
1337 2236 1434 2271 parte
1458 2229 1491 2260 di
1517 2230 1603 2262 dicti
1627 2231 1756 2273 signori
1786 2241 1852 2262 con
1878 2230 1991 2261 amba-

1147 2283 1235 2313 xade
1258 2283 1318 2324 piu
1343 2283 1434 2314 volte
1467 2293 1526 2314 era
1557 2285 1696 2316 andado
1729 2285 1761 2316 al
1792 2283 1991 2315 sovradicto

1147 2335 1357 2376 imperador,
1393 2338 1457 2368 che
1489 2337 1556 2369 ello
1587 2337 1754 2368 intendea
1785 2337 1827 2368 de
1860 2343 1992 2368 mecter

1148 2387 1177 2417 la
1202 2399 1263 2420 soa
1285 2389 1384 2420 seclia
1408 2390 1531 2421 dentro
1557 2390 1615 2423 dal
1639 2391 1752 2422 seraio
1778 2389 1946 2431 predicto,

1150 1920 1240 1939 esser
1266 1909 1296 1940 la
1321 1909 1417 1940 seclia
1452 1910 1494 1940 de
1526 1909 1759 1951 l'imperador.

1236 2478 1309 2511 279.
1325 2498 1364 2502 —
1378 2479 1436 2510 Ma
1452 2480 1551 2521 nauci
1566 2481 1629 2511 che
1644 2481 1675 2511 le
1688 2487 1790 2523 gente
1806 2481 1849 2512 de
1867 2481 1991 2512 mesier

1148 2530 1307 2563 Bernabo
1330 2533 1474 2564 intrasse
1504 2534 1538 2564 in
1576 2534 1607 2565 lo
1645 2535 1738 2565 dicto
1769 2535 1914 2565 seri-ario
1947 2535 1989 2565 de

1148 2584 1298 2621 Mantoa‚
1330 2585 1452 2618 siando
1486 2586 1625 2627 publica
1650 2588 1743 2618 fama
1774 2589 1837 2619 che
1869 2588 1991 2618 mesier

1150 2638 1306 2669 Bernabb
1340 2639 1434 2670 fagea
1467 2650 1512 2670 un
1544 2640 1675 2683 grande
1701 2640 1913 2682 apparechio
1946 2640 1989 2670 de

1147 2691 1285 2732 gente‚i
1300 2691 1427 2733 signori
1443 2693 1486 2724 de
1504 2692 1654 2730 Mamm,
1670 2694 1861 2725 dubitando
1875 2699 1909 2724 et
1921 2703 1987 2724 non

1149 2744 1272 2784 poclm,
1306 2745 1666 2777 instantissimamente
1702 2746 1830 2788 requiri
1864 2746 1988 2777 mesier

1148 2796 1179 2827 10
1203 2798 1357 2829 cardinal
1382 2804 1416 2829 et
1438 2799 1447 2828 i
1469 2799 1597 2840 signori
1613 2800 1737 2830 mesier
1757 2800 1791 2830 lo
1812 2799 1989 2830 marchese

1148 2856 1181 2881 et
1204 2851 1329 2882 mesier
1353 2852 1548 2883 Francesco
1566 2852 1610 2883 da
1625 2853 1773 2884 Carrara
1794 2851 1836 2883 de
1853 2853 1987 2882 alturio.

1234 2985 1258 3009 9.
1279 2978 1405 3008 dignudo
1426 2979 1488 3002 PE
1507 2992 1537 2996 -
1558 2986 1646 3010 30-31.
1667 2979 1806 3003 demando
1826 2980 1932 3003 PE—
1946 2984 1990 3010 35.

1148 3026 1224 3055 perte
1245 3024 1309 3047 PE
