2422 3684
406 2863 436 2879 10

469 244 509 279 18
816 241 989 278 GESTA
1018 240 1323 277 MAGNIFICA
1351 237 1536 276 DOMUS
1565 238 1949 278 CARRARIENSIS

459 376 639 413 concione,
663 376 714 408 sic
739 386 836 407 orsus
861 381 911 407 est
933 376 978 407 ad
1004 384 1076 406 eos:
1107 376 1120 391 ‘⁴
1135 374 1165 406 O
1190 374 1398 416 magnanimi
1422 374 1525 414 cives
1550 374 1607 416 qui
1631 385 1693 416 pro
1717 374 1878 406 libertate
1904 375 2064 417 pugnatis
2080 374 2295 417 patriamque

465 430 691 466 “defenditis‚
716 428 867 460 audiatis
891 428 1034 470 pacifice
1058 427 1165 459 verba
1197 437 1272 459 mea
1286 450 1315 466 „.
1361 427 1491 459 Omnes
1523 433 1604 458 tunc
1635 427 1729 458 cives
1755 427 1962 459 unanimiter
1992 428 2172 459 siluerunt.
2217 427 2298 460 Post

461 483 554 524 quod
578 481 757 513 silencium
782 482 875 513 idem
900 480 1104 523 magnificus
1127 480 1286 512 dominus
1312 480 1455 512 Iacobus
1482 480 1525 512 de
1557 478 1717 511 Carraria
1747 480 1796 511 sic
1828 480 1874 511 ait
1900 481 1945 512 ad
1976 490 2052 512 eos:
2092 480 2296 522 “Conposui

463 537 477 552 “
491 541 568 577 post
591 542 729 576 captum
754 534 1043 566 Montemsilicem
1068 533 1159 564 inter
1175 533 1350 564 dominum
1369 533 1499 565 Canem
1518 537 1552 564 et
1568 543 1713 564 comune
1731 532 1867 570 Padue3
1884 531 2068 565 Paduanos
2084 533 2294 566 extrinsecos

462 589 475 603 “
491 589 535 619 ad
560 589 704 629 patriam
721 587 860 624 reduxi3
879 592 955 628 post
972 586 1106 617 civilem
1124 585 1263 624 bellum,
1280 586 1462 628 conposita
1477 585 1630 624 civitate,
1648 585 1835 617 dominium
1854 587 1976 628 accepi
1992 587 2057 617 hac
2082 586 2154 617 sola
2178 597 2292 624 causa,
2339 585 2356 617 5

464 644 477 658 “
492 647 538 682 ut,
563 648 725 683 tanquam
749 647 858 682 pater,
875 640 986 681 patrie
1005 639 1236 680 providerem.
1276 640 1362 671 Cum
1380 639 1518 671 domino
1534 639 1629 671 Cane
1646 649 1733 680 pace
1751 639 1882 670 firmata
1897 639 2050 680 parcium
2069 645 2297 678 sacramento,

464 697 477 711 ‘⁴
492 695 639 726 vinculis
662 694 872 726 matrimonii
897 700 929 723 et
952 692 1050 734 penis
1073 692 1269 734 pecuniaris
1293 702 1347 723 me
1372 692 1489 734 ligavi,
1514 698 1550 723 ut
1573 701 1633 722 vos
1650 691 1736 723 filios
1753 697 1852 732 pater
1868 691 1940 733 ipse
1957 693 1991 723 in
2008 701 2096 733 pace
2113 702 2297 724 servarem.

464 750 478 764 ‘⁴
492 747 568 780 Hec
592 754 707 779 tamen
731 747 839 778 nichil
863 746 977 778 omnia
999 746 1215 787 profuerunt.
1262 746 1331 777 Iam
1356 746 1446 777 enirn
1471 745 1624 777 Paduani
1643 744 1749 782 multi,
1765 745 1984 786 preferentes
1999 745 2134 776 civibus
2149 746 2297 782 hostem,

465 801 536 832 “de
560 800 680 832 Padua
700 806 927 835 recesserunt,
951 798 996 830 de
1020 798 1154 840 quibus,
1179 798 1276 830 vobis
1300 797 1540 835 mediantibus,
1557 797 1708 830 debitam
1725 797 1896 829 faciemus
1912 797 2089 829 ultionem.
2126 798 2213 830 Nam
2239 799 2300 830 do-

461 854 475 869 “
491 854 601 885 minus
625 854 740 890 Canis,
764 863 849 894 pace
877 852 1039 894 neglecta
1061 857 1095 883 et
1118 852 1161 883 de
1186 852 1337 893 periurio
1355 862 1473 893 parum
1492 861 1625 888 curans,
1642 861 1704 882 nos
1721 851 1844 882 invasit
1860 851 2001 888 iniuste3
2019 851 2110 883 unde
2126 851 2296 883 iusticiam
2326 852 2362 882 10

466 907 649 938 “fovemus
673 914 707 938 et
730 917 792 948 pro
818 905 974 937 libertate
1000 915 1202 946 pugnamus.
1248 905 1367 936 Estote
1393 915 1475 947 ergo
1499 905 1608 936 fortes
1631 904 1761 944 animis,
1793 904 1904 945 parati
1928 904 2024 946 equis
2049 910 2082 936 et
2105 904 2219 946 armis,
2250 910 2298 942 ut,

466 962 480 977 ¹⁴
497 970 574 991 cum
599 960 697 992 nobis
721 966 856 1000 tempus
881 959 990 990 visum
1016 958 1131 994 fuerit,
1155 957 1189 988 in
1213 958 1329 989 hostes
1351 957 1500 989 viriliter
1522 958 1691 989 irruamus
1707 979 1736 996 „.
1781 956 1908 989 Verbis
1939 958 1991 989 his
2022 957 2071 990 sie
2101 957 2298 999 propositis,

462 1014 531 1044 alta
555 1023 638 1045 voce
664 1013 758 1044 cives
783 1012 900 1043 cuncti
926 1011 1197 1052 responderunt:
1227 1011 1284 1042 “O
1307 1016 1425 1042 noster
1449 1017 1483 1042 et
1511 1011 1623 1052 patrie
1656 1011 1831 1048 defensor,
1862 1016 2011 1042 vestrum
2044 1016 2095 1042 est
2127 1011 2299 1047 mandare,

466 1068 647 1098 “nostrum
673 1065 827 1097 obedire.
875 1064 1051 1105 Precipite
1075 1073 1157 1105 ergo
1181 1063 1278 1095 nobis
1303 1064 1348 1094 ad
1374 1069 1501 1095 cuncta
1524 1064 1695 1104 paratis„.
1742 1063 1843 1095 Tunc
1861 1063 1904 1094 de
1929 1062 2091 1094 mandato
2107 1063 2212 1104 ipsius
2229 1074 2298 1094 ma-

459 1120 577 1161 gnifici
601 1119 728 1151 domini
754 1118 870 1149 Iacobi
889 1119 932 1149 de
950 1116 1111 1148 Carraria
1128 1117 1162 1148 in
1179 1116 1302 1148 diebus
1325 1117 1448 1158 paucis
1465 1116 1612 1148 civitatis
1634 1116 1797 1149 suburbia
1813 1122 1972 1158 reparata
1989 1117 2139 1154 fuerunt,
2156 1116 2297 1158 spaldis,
2327 1115 2364 1148 15

463 1173 658 1205 beltifredis
683 1178 716 1203 et
741 1172 853 1203 foveis
877 1170 1098 1202 communita.

547 1270 600 1301 38.
625 1269 704 1310 [79].
731 1287 768 1290 -
794 1268 902 1309 [PJost
928 1268 1020 1299 dicta
1043 1266 1213 1308 superius,
1238 1272 1408 1308 occupata
1430 1267 1497 1298 iam
1523 1277 1585 1308 per
1607 1267 1782 1298 dominum
1805 1266 1935 1298 Canem
1954 1267 2037 1298 turri
2060 1266 2239 1299 Baxanelli
2264 1272 2300 1298 et

461 1329 659 1355 constructo
683 1323 729 1354 ibi
758 1328 869 1353 castro
896 1322 1009 1363 ligneo
1035 1321 1136 1352 valde
1162 1320 1254 1359 forti,
1280 1321 1334 1352 cui
1359 1320 1455 1362 quasi
1480 1320 1800 1361 correspondebant
1823 1320 1903 1352 ville
1922 1331 2038 1352 omnes
2055 1321 2098 1352 ab
2115 1320 2174 1351 illa
2188 1326 2298 1362 parte,

462 1382 657 1407 constructa
682 1376 790 1406 eciam
815 1381 909 1406 rosta
934 1373 1082 1416 quadam
1107 1374 1203 1404 iuxta
1229 1379 1388 1412 castrum,
1412 1383 1479 1415 que
1505 1372 1549 1404 ad
1572 1373 1769 1404 molendum
1794 1372 1968 1404 Paduanis
1992 1383 2080 1415 aque
2104 1384 2198 1404 usum
2217 1383 2298 1415 pro-

462 1429 604 1461 hibebat
619 1429 640 1467 ¹,
664 1428 866 1470 magnificus
884 1428 1042 1459 dominus
1066 1427 1211 1458 Iacobus
1236 1427 1278 1458 de
1305 1425 1491 1459 Carraria²
1517 1427 1560 1457 de
1584 1425 1738 1468 pistrinis
1759 1426 1871 1457 multis
1894 1426 2013 1457 Padue
2030 1427 2115 1458 fecit
2132 1426 2299 1467 provisio·
2322 1427 2363 1457 20

462 1493 551 1519 nem,
575 1483 794 1523 intentusque
819 1491 953 1522 semper
978 1487 1012 1511 et
1035 1480 1116 1521 vigil
1143 1481 1186 1511 ad
1211 1480 1359 1511 civitatis
1381 1479 1571 1511 custodiam
1598 1486 1632 1510 et
1654 1480 1760 1520 ipsius
1783 1479 2033 1519 defensionem,
2048 1479 2207 1511 solennes
2223 1489 2301 1511 suos

461 1536 710 1571 ambaxatores‚
734 1533 940 1566 Ubertinum
966 1533 1130 1564 videlicet
1154 1533 1321 1564 iuniorem
1346 1533 1389 1564 de
1412 1532 1584 1569 Carraria,
1617 1532 1804 1564 Iohannem
1829 1532 1978 1564 iudicem
2003 1533 2046 1564 de
2071 1532 2245 1574 Vigoncia
2267 1538 2302 1564 et

459 1588 639 1620 Albertum
666 1587 867 1625 Mussatum,
892 1592 1041 1628 poetam,
1066 1586 1155 1617 misit
1181 1586 1215 1616 in
1240 1586 1415 1624 Tusciam,
1441 1586 1604 1617 auxilium
1630 1586 1882 1627 imploraturos.
1913 1586 2057 1617 Secrete
2082 1585 2193 1617 eciam
2211 1585 2297 1616 Tar-

460 1642 580 1673 visium
605 1641 694 1672 misit
719 1641 804 1672 alios
827 1650 907 1671 suos
932 1640 1074 1681 legatos,
1092 1646 1189 1680 parte
1206 1650 1266 1670 sua
1283 1640 1367 1670 dare
1384 1639 1474 1670 velle
1491 1639 1680 1670 Baxianum
1699 1644 1732 1670 et
1750 1637 1924 1670 Citadella
1941 1638 2056 1671 comiti
2074 1637 2226 1676 Goricie,
2244 1637 2302 1680 qui

462 1695 588 1727 ibidem
613 1694 864 1730 dominabatur,
891 1703 958 1735 quo
977 1703 1058 1725 casu
1076 1692 1194 1724 Padue
1218 1693 1402 1724 suveniret.
1448 1692 1509 1724 Set
1532 1692 1691 1734 utrinque
1710 1692 1817 1734 legati
1833 1698 1900 1723 tam
1926 1692 1969 1723 de
1994 1692 2148 1733 partibus
2171 1691 2299 1724 Tuscie
2325 1690 2365 1723 25

462 1759 562 1791 quam
586 1748 629 1779 de
653 1747 811 1778 Tarvisio
836 1745 943 1778 verba
968 1756 1030 1787 pro
1055 1745 1211 1777 subsidio
1235 1751 1457 1787 reportarunt
1469 1745 1491 1777 ³.

549 1847 600 1877 39.
626 1844 703 1885 [80].
730 1862 769 1866 —
793 1843 931 1875 Interim
956 1842 1084 1874 Veneti
1099 1843 1109 1858 ⁴
1137 1852 1215 1873 suos
1241 1843 1405 1874 miserunt
1428 1842 1562 1885 legatos
1579 1843 1621 1874 de
1638 1852 1725 1884 pace
1743 1847 1958 1879 tractaturos,
1975 1842 2033 1884 qui
2050 1841 2206 1884 primitus
2222 1851 2300 1872 cum

461 1900 600 1930 domino
625 1898 719 1930 Cane
746 1898 895 1932 fuerunt,
920 1896 1072 1927 Paduam
1099 1902 1219 1937 postea
1243 1896 1428 1937 magnifico
1453 1896 1591 1927 domino
1614 1895 1744 1927 Iacobo
1767 1895 1812 1926 de
1835 1896 1996 1926 Carraria
2018 1896 2208 1926 retulerunt
2234 1895 2301 1926 hac

461 1952 672 1984 condicione
698 1960 818 1991 pacem
844 1949 982 1986 habere,
1005 1949 1171 1980 videlicet
1195 1950 1287 1991 quod
1312 1950 1383 1991 ipse
1409 1949 1566 1980 dominus
1590 1948 1736 1980 Iacobus
1759 1948 1938 1980 renunciet
1961 1948 2114 1980 dominio
2138 1948 2300 1986 civitatis;

460 2005 625 2041 secunde,
641 2003 742 2045 quod,
769 2002 1003 2043 stipendiariis
1019 2002 1179 2043 expulsis,
1208 2002 1363 2034 paduani
1390 2003 1574 2034 extrinseci
1594 2002 1712 2034 Padue
1730 2002 1962 2038 restituantur,
1978 2002 2070 2032 omni
2087 2001 2299 2042 excepcione
2324 2003 2365 2034 30

459 2065 600 2090 remota.
650 2056 755 2093 Quod
780 2057 854 2096 ipse
878 2055 1082 2095 magnificus
1106 2055 1263 2086 dominus
1297 2054 1444 2086 Iacobus
1477 2055 1614 2096 penitus
1647 2054 1828 2089 recusavit.
1863 2065 2019 2086 asserens
2050 2064 2086 2085 se
2117 2054 2300 2086 manifeste

462 2111 680 2153 perpendere
705 2109 879 2141 dominum
904 2108 1033 2139 Canem
1059 2107 1148 2138 velle
1175 2108 1327 2139 Paduam
1345 2119 1404 2139 suo
1424 2108 1582 2139 subicere
1601 2109 1764 2146 dominio,
1781 2107 1861 2139 dum
1879 2108 1952 2138 eius
1970 2107 2171 2139 defensores
2188 2108 2301 2150 querit

460 2165 572 2197 eicere
597 2170 630 2195 et
655 2164 771 2194 hostes
795 2163 866 2192 vult
890 2161 1139 2192 intromictere.
1186 2160 1245 2192 Sic
1270 2172 1307 2192 re
1330 2161 1464 2192 infecta
1490 2162 1592 2203 legati
1617 2161 1681 2203 ipsi
1706 2161 1830 2192 Veneti
1854 2167 2081 2192 recesserunt.
2128 2161 2174 2192 Et
2204 2161 2301 2192 fuere

461 2218 620 2260 predicta
644 2215 688 2247 de
712 2215 884 2247 mensibus
908 2214 1043 2256 augusti
1069 2219 1103 2245 et
1125 2214 1332 2255 septembris
1352 2213 1581 2247 MCCCXIX.

552 2315 601 2345 40.
627 2313 707 2354 [81].
733 2333 773 2337 —
798 2311 1099 2353 [SJuccedentibus
1123 2311 1159 2342 in
1183 2311 1257 2343 dies
1279 2310 1383 2342 rebus
1405 2311 1517 2353 magis
1540 2321 1706 2352 prospere
1724 2310 1863 2343 domino
1887 2310 1996 2342 Cani⁵
2020 2316 2055 2341 et
2069 2309 2137 2341 iam
2155 2310 2300 2342 subacta
2324 2310 2364 2342 35

553 2439 576 2462 4.
596 2428 756 2460 Paduanosl
783 2430 860 2452 cives
880 2429 903 2453 S
922 2442 951 2446 -
973 2435 995 2460 5.
1016 2428 1116 2452 bellem
1137 2429 1173 2451 M
1189 2442 1220 2446 —
1243 2434 1283 2451 11.
1302 2428 1359 2451 este
1379 2427 1402 2452 S
1419 2440 1451 2444 —
1475 2433 1514 2451 12.
1534 2425 1646 2453 Quibus
1666 2427 1761 2450 verbis
1781 2426 1803 2451 S
1821 2439 1852 2444 —
1875 2434 1914 2458 13.
1936 2427 1973 2450 sit
2000 2427 2022 2452 S
2045 2441 2077 2445 ——
2105 2434 2144 2458 14.
2171 2429 2297 2452 nostrum

465 2477 556 2498 autem
579 2474 721 2496 mandatis
742 2473 764 2495 S
782 2485 790 2488 -
810 2471 890 2502 ergo]
911 2471 1003 2502 igitur
1024 2471 1046 2494 S
1062 2484 1094 2488 —-
1119 2476 1156 2500 15.
1177 2471 1243 2493 sunt:
1262 2469 1285 2494 S
1302 2483 1334 2487 —
1356 2469 1395 2493 18.
1415 2470 1459 2492 eui
1481 2470 1574 2493 castro
1595 2469 1618 2493 S
1641 2482 1674 2486 -
1697 2476 1735 2499 19.
1756 2470 1922 2492 constructa
1941 2469 1979 2492 M
1993 2482 2025 2486 —
2046 2475 2087 2492 22.
2112 2470 2251 2493 minorem
2278 2470 2301 2495 S

464 2530 496 2534 -—
518 2523 559 2547 ²3·
580 2515 760 2538 Albertinum
781 2514 804 2538 S
823 2527 854 2530 —
875 2519 963 2544 24·25-
984 2514 1064 2544 parte
1083 2519 1132 2535 sua
1223 2512 1368 2535 suveniret
1387 2520 1434 2535 om.
1454 2511 1478 2536 S
1496 2525 1526 2529 —-
1547 2516 1589 2541 27.
1609 2518 1675 2534 suos
1694 2519 1741 2535 om.
1762 2511 1826 2534 :5—
1842 2509 1882 2535 28.
1902 2512 1998 2543 postea
2017 2512 2159 2542 progressi
2174 2512 2240 2536 S—
2254 2519 2297 2544 31.

464 2559 580 2582 Iacobus
602 2557 634 2580 de
655 2557 787 2580 Carraria
809 2556 899 2578 facere
919 2555 1061 2579 recusavit
1081 2554 1104 2578 S
1121 2567 1152 2571 —-—
1174 2560 1216 2585 33.
1237 2554 1419 2577 introducere
1439 2553 1461 2577 S
1478 2566 1509 2570 —
1531 2559 1574 2585 35.
1593 2555 1620 2576 et
1639 2561 1689 2578 om.
1709 2553 1732 2577 S

552 2645 558 2661 ¹
581 2646 718 2672 Currum..
740 2645 879 2671 Chronica,
900 2643 932 2669 ΙΙ,
955 2649 978 2674 7.
1407 2642 1468 2665 sato
1488 2649 1501 2664 e
1516 2641 1587 2664 altre
1601 2641 1757 2672 legazioffi,
1778 2640 1927 2669 Musswro,
1948 2642 1992 2664 De
2007 2643 2104 2673 gestis,
2124 2641 2170 2671 XI,
2193 2649 2225 2666 10
2244 2640 2299 2672 (ed.
2329 2647 2358 2673 15

551 2686 562 2702 ²
582 2687 769 2710 L'iniziativa
789 2687 832 2709 dei
860 2685 1089 2718 provvedimenti
1117 2685 1164 2716 qui
1185 2684 1306 2708 elencati
1338 2692 1351 2707 a
1408 2683 1534 2713 Famam,
1558 2690 1620 2715 109:
1642 2683 1684 2707 ed.
1704 2682 1815 2712 Mamm,
1837 2682 1890 2713 55).

463 2731 554 2754 difcsa
575 2730 649 2753 della
678 2727 756 2758 vitta,
781 2728 826 2751 dal
853 2728 984 2759 biograso
1011 2726 1123 2751 riferita
1151 2733 1167 2750 a
1186 2726 1292 2757 Iacopo
1318 2726 1352 2749 da
1496 2723 1506 2739 ³
1523 2726 1668 2753 Mussmo,
1690 2727 1731 2749 De
1742 2726 1839 2756 gestis,
1854 2725 1899 2753 XI,
1922 2732 1967 2755 103
1984 2726 2043 2754 ΧΙΙ,
2067 2733 2077 2750 1
2099 2725 2152 2757 (ed.
2173 2726 2300 2757 Panum,

464 2772 594 2801 carrara,
614 2772 658 2794 nel
680 2770 803 2801 Cortusi,
819 2770 853 2793 da
871 2771 914 2793 cui
930 2769 1027 2792 derivat
1042 2769 1068 2792 la
1081 2768 1354 2799 narrazione(Cl1ro-
1410 2774 1458 2798 Σοί)
1479 2776 1531 2799 sg.;
1553 2768 1594 2792 ed.
1617 2769 1727 2796 Μιῑυικ,
1749 2774 1778 2799 55
1800 2768 1861 2799 sg.).

463 2814 530 2841 nica,
552 2813 585 2840 ΙΙ,
606 2811 642 2841 8),
657 2811 670 2835 ὀ
685 2810 735 2843 piu
749 2813 974 2842 genericamrsnte
989 2811 1138 2834 attribuita
1153 2810 1180 2833 ai
1196 2809 1352 2833 Padovanl.
1496 2810 1506 2825 ⁴
1527 2811 1549 2834 Il
1572 2811 1698 2841 capitolo
1716 2817 1750 2842 39
1769 2818 1821 2833 con
1842 2811 1950 2842 leggere
1972 2812 2096 2835 varianti
2116 2811 2238 2843 dipende
2258 2813 2298 2835 in-

464 2855 531 2878 Alla
552 2861 671 2886 persona
685 2854 714 2877 di
729 2854 832 2885 Iar-opo
852 2854 897 2876 dal
914 2852 1031 2876 Cortusi
1044 2851 1058 2876 ὲ
1072 2853 1144 2876 fatto
1159 2851 1269 2875 risalire
1290 2850 1353 2874 solo
1407 2853 1592 2885 tegralmente
1606 2853 1651 2876 dal
1668 2855 1802 2876 rant-outo
1817 2854 1981 2876 cortusiano
1994 2852 2143 2883 (Com-us„
2161 2854 2297 2885 Chronica,

465 2898 567 2921 l'invio
587 2900 694 2928 segrelo
714 2896 743 2919 di
762 2897 842 2920 messi
865 2904 877 2919 a
899 2895 1019 2918 Treviso
1034 2902 1086 2918 con
1108 2893 1226 2917 1’0n‘erta
1240 2894 1268 2916 di
1290 2894 1353 2916 Bas·
1408 2896 1444 2925 ΙΙ,
1463 2894 1499 2926 8),
1537 2894 1581 2919 Cf.
1603 2895 1753 2925 ΜυεεΛτο,
1773 2895 1817 2918 De
1833 2896 1930 2926 gestis,
1945 2895 1991 2923 XI,
2006 2904 2021 2926 4
2040 2895 2094 2926 (ed.
2115 2895 2229 2926 Misz,
2242 2895 2299 2927 60).

465 2946 533 2963 sano
558 2946 572 2962 e
601 2937 756 2961 Cittadella
780 2937 806 2961 al
832 2939 914 2960 conte
941 2937 968 2959 di
994 2936 1119 2960 Gerizia.
1157 2935 1353 2966 significativa
1497 2937 1508 2954 ⁵
1526 2936 1549 2960 ΙΙ
1569 2937 1695 2968 capitolo
1716 2943 1750 2967 40
1769 2937 1890 2968 dipende
1904 2937 1981 2961 dalla
2001 2937 2055 2961 fine
2075 2937 2118 2961 del
2140 2945 2162 2961 c.
2182 2936 2198 2961 ὃ
2218 2945 2231 2961 e
2250 2938 2298 2962 dal

464 2981 643 3005 l'omissione
663 2981 691 3004 di
705 2980 898 3012 quest‘ultima
913 2981 1105 3011 prccisazione
1120 2979 1239 3003 relativa
1261 2987 1274 3002 a
1294 2986 1354 3010 pre·
1408 2987 1468 3012 cap.
1487 2987 1502 3011 9
1523 2979 1566 3003 del
1588 2979 1606 3002 l.
1625 2979 1650 3001 Π
1678 2979 1753 3002 della
1782 2978 1911 3003 Chronica
1932 2979 1975 3003 del
1996 2980 2120 3004 Cortusi.
2158 2978 2204 3004 Cf.
2225 2979 2298 3004 Mus-

466 3026 548 3048 sunta
571 3024 697 3047 cessione
719 3024 747 3045 in
771 3024 801 3051 B,
825 3023 852 3046 C.
891 3021 934 3046 Cf.
956 3029 1003 3053 per
1024 3023 1048 3045 le
1069 3021 1198 3045 missioni
1220 3021 1263 3045 del
1279 3020 1353 3044 Mus·
1409 3027 1491 3049 sxro,
1506 3022 1547 3044 De
1558 3021 1655 3052 gesriS,
1670 3019 1729 3050 XII,
1746 3027 1756 3044 1
1773 3020 1826 3047 (ed.
1842 3020 1966 3049 PADR1N‚
1985 3027 2046 3051 ¹103
2061 3021 2103 3044 ed.
2118 3021 2230 3051 MEmN,
2245 3020 2298 3053 56).

2327 2885 2360 2902 20

2414 3148 2422 3608 mmm—mh...—
2420 3088 2422 3143 —-
2420 3068 2422 3078 -
