2422 3684
462 252 633 288 GESTA
662 253 963 290 MAGNIFICA
994 254 1177 290 DOMUS
1208 253 1596 291 CARRARIENSIS
1904 257 1944 291 ls)

111 385 284 418 Citadella
300 396 361 417 suo
379 385 542 422 dominio,
567 384 817 416 ambaxiatores
832 384 1065 416 Veneciarum
1084 386 1126 417 de
1144 396 1230 427 pace
1247 387 1425 418 tractaturi
1444 386 1563 417 iterum
1582 386 1735 418 Paduam
1752 388 1946 419 redierunt:

111 448 198 480 quos
222 438 357 470 auditos
380 438 564 480 magnifico
589 437 726 468 domino
751 436 878 469 Iacobo
903 439 946 469 de
970 438 1130 470 Carraria
1152 439 1285 480 placuit
1308 439 1352 470 ad
1376 439 1550 471 dominum
1576 440 1706 471 Canem
1723 441 1771 471 ire
1790 446 1949 472 temtatu-

110 501 167 522 ros
192 492 235 523 de
259 501 347 533 pace
370 497 404 523 et
425 490 453 522 si
476 490 584 532 ipsius
607 489 741 521 animus
764 490 870 522 vellet
893 491 970 532 paci
994 502 1156 523 annuere.
1203 491 1336 530 Quibus
1353 491 1511 524 dominus
1528 492 1634 524 Canis
1651 494 1830 535 respondit
1860 494 1949 525 velle

111 544 253 576 domino
277 544 404 576 Iacobo
428 549 462 575 et
485 543 658 575 paduanis
682 554 806 584 pacem
829 544 921 582 dare,
946 551 998 576 set
1021 544 1097 587 lege
1122 545 1204 577 satis
1227 545 1394 578 strictiori
1425 556 1526 588 quam
1555 547 1675 587 prima.
1724 547 1809 588 Ipsis
1834 547 1949 589 itaque

68 597 86 628 5
109 597 403 629 ambaxiatoribus
425 597 578 628 Paduam
601 596 750 628 reversis
772 603 807 627 et
829 597 985 638 exposita
1009 598 1151 629 domino
1177 599 1303 630 Iacobo
1328 598 1527 631 intencione
1544 599 1671 631 domini
1690 598 1805 638 Canis,
1828 600 1949 631 iterum

111 651 270 682 dominus
294 650 442 682 Iacobus
466 659 587 691 pacem
612 649 736 681 renuit.
781 650 1035 681 Niclxilominus
1057 657 1171 682 tamen
1195 662 1329 692 semper
1353 658 1488 683 secrete
1517 652 1726 693 procurabat
1757 664 1792 684 se
1825 653 1950 685 auxilio

111 704 246 735 comitis
271 703 411 736 Goricie
437 703 629 734 defendere
656 713 674 733 a
698 703 863 744 potencia
886 703 1015 736 domini
1039 704 1154 736 Canis.
1201 704 1262 737 Set
1286 705 1387 737 finale
1411 715 1612 746 responsum
1636 706 1703 737 hoc
1726 706 1792 737 fuit
1816 706 1950 738 comitis

111 757 266 788 Goricie:
291 767 392 798 posse
417 757 592 788 dominum
615 755 779 787 Iacobum
805 756 848 788 de
874 756 1035 788 Carraria
1060 758 1169 798 ipsum
1202 758 1330 790 habere
1361 758 1593 796 defensorem,
1624 759 1651 791 si
1684 759 1835 790 Paduam
1869 760 1951 790 velit

108 810 174 841 sibi
198 809 308 841 libere
332 810 552 852 consignare,
577 820 652 840 eam
677 809 861 850 recipienti
886 810 1024 841 nomine
1049 809 1147 842 ducis
1181 811 1331 849 Austrie‚
1363 812 1598 843 Romanorum
1631 813 1733 854 regis.
1780 812 1867 843 Nam
1901 812 1951 844 sic

50 862 86 894 10
109 872 145 894 se
171 862 342 894 offerebat
370 862 546 894 dominum
570 861 698 893 Canem
722 862 937 894 securissime
962 863 1076 895 levare
1101 865 1142 894 de
1168 874 1290 905 campo
1314 874 1356 895 ac
1380 865 1481 896 etiam
1514 865 1818 902 Montemsilicem‚
1850 864 1952 896 Mon—

108 921 306 958 tagnanam‚
332 915 531 957 Rodigium,
555 915 762 947 Citadellam
787 921 821 946 et
845 916 960 947 omnia
984 916 1050 946 alia
1076 917 1164 954 loca,
1188 928 1254 960 que
1279 926 1424 948 comune
1449 917 1566 949 Padue
1591 919 1795 958 possederat
1818 925 1950 959 tempo-

110 969 204 1001 ribus
226 969 417 1010 retroactis,
442 968 552 1000 libere
576 969 610 999 in
636 968 808 1000 dicionem
834 970 990 1000 comunis
1014 970 1131 1002 Padue
1156 970 1346 1001 restituere.
1392 970 1602 1002 Placuerunt
1624 972 1858 1012 suprascripta
1881 982 1952 1002 ma-

110 1022 239 1064 gnifico
263 1022 400 1054 domino
419 1022 547 1054 Iacobo
573 1022 616 1053 de
640 1022 801 1053 Carraria
816 1022 837 1053 ¹.
884 1021 939 1054 Ad
956 1032 1023 1064 que
1049 1023 1254 1065 exequenda
1276 1023 1428 1055 sindicus
1452 1035 1513 1065 pro
1531 1024 1668 1056 comuni
1684 1024 1803 1056 Padue
1820 1024 1952 1056 electus

113 1075 180 1106 fuit
202 1075 376 1106 Aleardus
400 1075 444 1106 de
470 1075 617 1106 Basiliis.
666 1075 733 1106 Hic
758 1086 820 1116 pro
853 1075 948 1107 dicto
980 1078 1119 1107 comuni
1151 1077 1338 1108 dominium
1371 1076 1488 1108 Padue
1521 1078 1618 1109 dedit
1651 1077 1766 1109 comiti
1799 1076 1952 1116 Goricie,

50 1129 87 1160 15
110 1128 295 1170 recipienti
319 1129 456 1160 nomine
482 1129 580 1159 ducis
603 1127 771 1160 Austrie.‘
801 1128 871 1166 Qui
895 1129 1004 1170 ipsum
1030 1129 1191 1162 alacriter
1215 1131 1422 1171 acceptavit,
1446 1131 1561 1162 iurans
1577 1131 1696 1163 Padue
1721 1131 1895 1163 civitatem
1921 1137 1954 1163 et

114 1181 185 1213 eius
209 1181 401 1213 districtum
426 1182 617 1214 defendere
643 1183 783 1223 eiusque
815 1189 929 1213 castra
954 1182 997 1213 de
1029 1183 1186 1214 manibus
1217 1183 1367 1214 eximere
1395 1184 1579 1216 cuiuslibet
1609 1185 1722 1216 illiciti
1753 1184 1951 1216 detentoris.

113 1235 158 1267 Et
180 1235 337 1276 predicta
361 1235 503 1266 fuerunt
527 1233 809 1272 MCCCXVIIII,
834 1235 891 1266 die
915 1245 971 1266 1111
996 1236 1206 1268 novembris.

200 1341 251 1373 41.
276 1341 353 1382 [82].
379 1361 420 1366 -
445 1341 613 1382 [G]orieie
639 1351 766 1380 comes,
791 1341 953 1382 pactione
972 1342 1090 1374 habita
1108 1353 1185 1373 cum
1203 1343 1385 1385 magnifico
1403 1344 1542 1375 domino
1559 1343 1685 1376 Iacobo
1703 1345 1746 1376 de
1763 1344 1926 1376 Carraria
1939 1344 1951 1360 ²

113 1393 156 1426 de
180 1394 330 1426 dominio
355 1394 486 1431 Padue,
509 1395 671 1426 simulans
694 1405 729 1426 se
754 1395 902 1426 amicum
927 1395 1056 1426 domini
1081 1394 1196 1432 Canis,
1228 1396 1319 1427 misit
1342 1397 1385 1427 ad
1410 1407 1485 1427 eum
1512 1397 1556 1428 ad
1578 1403 1727 1429 castrum
1761 1398 1953 1430 Baxianelli

49 1448 90 1478 20
112 1447 175 1479 sub
198 1447 314 1479 colore
339 1447 481 1479 subsidii
508 1448 641 1489 equites
666 1453 804 1480 centum
826 1449 1076 1487 Theotonicos,
1100 1459 1243 1490 quorum
1267 1450 1440 1490 capitanio
1464 1457 1598 1481 secrete
1623 1451 1712 1481 dixit
1743 1461 1780 1482 se
1811 1452 1846 1482 in
1873 1462 1954 1483 con-

114 1500 233 1532 cordio
263 1511 336 1532 esse
362 1512 438 1532 cum
464 1501 602 1532 domino
628 1501 755 1533 Iacobo
781 1502 824 1533 de
848 1501 1019 1538 Carraria,
1044 1507 1078 1533 et
1101 1502 1194 1544 quod
1218 1502 1310 1539 ideo,
1333 1503 1361 1533 si
1386 1503 1458 1543 ipse
1483 1503 1643 1534 dominus
1666 1503 1814 1535 Iacobus
1846 1504 1952 1535 levari

110 1554 242 1585 faceret
272 1553 448 1596 quoddam
474 1554 637 1585 vexillum
669 1555 813 1586 rubeum
844 1565 946 1596 super
977 1566 1092 1587 muros
1125 1556 1273 1586 civitatis
1305 1562 1507 1597 portamque
1540 1557 1676 1587 faceret
1707 1557 1843 1597 aperiri,
1876 1567 1952 1588 cum

115 1607 246 1639 civibus
269 1607 336 1638 suis
361 1607 404 1638 de
428 1607 549 1638 Padua
573 1608 758 1650 egrediens
782 1614 943 1650 tanquam
967 1615 1106 1649 paratus
1130 1609 1174 1639 ad
1198 1620 1358 1651 pugnam,
1387 1616 1420 1641 et
1453 1610 1644 1651 contigeret
1668 1611 1762 1651 quod
1796 1611 1952 1642 dominus

114 1659 227 1698 Canis,
249 1666 286 1692 ut
313 1670 396 1702 sepe
420 1660 540 1692 solitus
564 1667 650 1698 erat,
673 1661 821 1693 inimicis
852 1661 946 1702 prior
978 1668 1189 1698 occurreret,
1222 1663 1315 1703 quod
1346 1663 1411 1703 ipsi
1442 1662 1653 1694 Theotonici
1684 1664 1793 1704 ipsum
1827 1673 1952 1704 capere

50 1712 90 1745 25
115 1713 284 1745 deberent
308 1719 342 1745 et
365 1714 401 1746 in
425 1714 564 1745 civitate
588 1714 706 1745 Padue
732 1714 902 1746 ducerent
932 1715 1118 1756 captivum.
1165 1714 1222 1746 Sic
1249 1716 1339 1747 enim
1365 1727 1441 1747 cum
1465 1717 1648 1757 magnifico
1666 1717 1804 1748 domino
1824 1716 1951 1748 Iacobo

114 1768 269 1799 ordinem
294 1767 448 1799 dederat.
495 1767 567 1800 Sed
590 1778 658 1799 non
682 1779 821 1810 semper
837 1769 880 1799 ad
898 1774 1014 1800 votum
1040 1769 1136 1800 facta
1160 1770 1368 1805 succedunt3
1394 1780 1472 1800 nam
1490 1779 1544 1801 res
1561 1780 1603 1802 ex
1620 1770 1755 1801 diverso
1773 1771 1952 1810 processit.

115 1821 222 1853 Facto
247 1821 337 1852 enim
360 1831 424 1862 per
446 1821 665 1863 magnificum
690 1822 866 1853 dominum
891 1822 1055 1854 Iacobum
1073 1823 1233 1854 vexillum
1255 1822 1374 1861 levari,
1393 1830 1425 1853 et
1443 1823 1515 1863 ipso
1541 1833 1615 1854 cuin
1641 1823 1709 1854 suis
1733 1824 1866 1854 civibus
1890 1834 1954 1855 ceu

116 1874 160 1906 ad
182 1885 333 1918 pugnarn
358 1874 531 1906 civitatem
556 1885 706 1917 egresso,
732 1875 889 1907 dominus
913 1876 1029 1913 Canis,
1055 1886 1130 1906 cum
1154 1876 1240 1907 illud
1264 1876 1405 1907 rubeum
1430 1876 1573 1917 aspexit,
1598 1877 1770 1917 Ugucioni
1795 1878 1874 1908 dela
1891 1877 1955 1908 Fa-

117 1928 204 1971 cola,
227 1927 284 1969 qui
308 1938 425 1959 secum
450 1934 534 1965 erat,
558 1929 669 1959 statim
693 1928 793 1961 dixit·
825 1930 838 1945 ‘⁴
854 1928 1029 1960 Vexillum
1054 1930 1121 1960 hoe
1140 1930 1375 1970 prodicionem
1394 1935 1568 1967 ostent&
1577 1953 1583 1959 .
1616 1929 1659 1960 Et
1676 1930 1793 1961 forte
1785 1941 1807 1960 ιε
1809 1941 1850 1960 un
1869 1930 1953 1961 fami

54 1981 94 2012 30
118 1981 283 2018 conscius,
306 1986 445 2023 gentem
470 1981 605 2013 comitis
630 1982 770 2014 Goricie
795 1982 894 2024 equis
917 1983 1078 2023 spoliavit
1106 1989 1138 2013 et
1154 1983 1267 2019 nmis,
1284 1983 1406 2014 multos
1424 1993 1559 2024 qnoque
1578 1983 1701 2013 ferreis
1717 1983 1862 2033 vinculis
1878 1983 1954 2014 alli—

117 2040 214 2076 gatos
237 2036 440 2066 carceravit.
488 2035 531 2066 Et
555 2035 628 2066 sic³
654 2035 858 2077 magnificus
883 2036 1039 2068 dominus
1065 2035 1210 2067 Iacobus
1236 2036 1278 2067 de
1296 2035 1455 2067 Chirrtria
1472 2047 1531 2067 sun
1557 2025 1751 2067 frustratus
1754 2027 1951 2068 intencione

117 2100 192 2121 curn
216 2089 284 2120 suis
306 2090 343 2121 in
368 2089 508 2121 civitate
541 2100 718 2132 regressus
751 2096 811 2122 est.
858 2090 902 2122 Et
933 2091 1129 2132 prescripta
1161 2091 1258 2122 fuere
1291 2091 1473 2121 millesimo
1505 2090 1710 2131 prescripto,
1744 2091 1800 2122 die
1831 2090 1950 2132 quinto

120 2142 324 2175 novembris.

206 2250 258 2282 42.
283 2249 361 2291 [83].
388 2269 426 2273 -—
451 2249 610 2291 [E]0dem
635 2261 737 2288 anno,
762 2251 818 2282 die
842 2260 905 2282 XVI
924 2250 1130 2289 novembris,
1148 2250 1349 2291 magnificus
1366 2249 1525 2281 dominus
1542 2249 1689 2281 Iacobus
1705 2251 1749 2281 de
1766 2249 1927 2282 Carraria
1942 2250 1952 2267 ⁴

56 2301 96 2333 35
119 2301 203 2334 fecit
225 2303 436 2336 extrinsecos
460 2303 643 2336 Paduanos
666 2314 774 2346 usque
806 2304 841 2335 in
872 2304 1019 2336 tercium
1052 2305 1196 2346 gradum
1229 2313 1306 2334 cum
1331 2303 1405 2334 filiis
1431 2313 1547 2334 eorum
1570 2314 1634 2344 pro
1658 2303 1892 2345 proditoribus
1921 2310 1955 2335 et

120 2356 304 2388 rebellibus
328 2357 550 2389 condennari.
597 2358 642 2389 Et
666 2358 733 2389 hoc
759 2358 801 2389 de
827 2358 972 2389 consilio
997 2357 1214 2389 dominorum
1240 2357 1383 2388 Marsilii
1408 2357 1450 2388 de
1482 2358 1644 2389 Carraria
1672 2363 1707 2389 et
1738 2357 1879 2390 Antonii
1913 2359 1954 2390 de

121 2408 361 2448 Curtarodulo,
385 2416 419 2441 et
442 2421 559 2441 eorum
585 2410 677 2442 bona
699 2411 869 2452 publicari
895 2417 928 2442 et
952 2412 1071 2442 domos
1087 2422 1107 2442 a
1124 2412 1356 2442 fundamentis
1380 2411 1480 2448 dirui,
1505 2412 1666 2451 quoniam
1692 2421 1727 2443 et
1750 2411 1815 2453 ipsi
1834 2413 1953 2443 domos

121 2463 352 2504 predictorum
377 2463 592 2495 dominorum
617 2464 762 2496 Marsilii
787 2470 821 2495 et
845 2464 989 2496 Antonii
1014 2464 1048 2496 in
1072 2464 1162 2495 villis
1186 2464 1314 2505 positas
1338 2464 1495 2495 fecerant
1523 2464 1603 2505 igne
1628 2465 1853 2496 concremari.

209 2571 248 2601 43
273 2569 351 2611 [84].
376 2589 417 2593 -
441 2569 653 2612 [M]illesimo
677 2569 850 2610 CCCXX,
877 2571 934 2603 die
965 2572 1087 2614 quinto
1119 2570 1275 2607 ianuarii,
1307 2570 1509 2612 magnificus
1541 2570 1698 2603 dominus
1729 2571 1877 2604 Iacobus
1909 2571 1952 2603 de

214 2705 236 2723 1.
256 2701 440 2725 remittuntur
461 2701 484 2725 S
500 2715 531 2718 —
552 2708 576 2732 3.
595 2700 694 2733 vellet]
713 2703 784 2726 esset
803 2702 826 2726 S
845 2715 875 2718 ——
895 2701 920 2726 6.
942 2703 1000 2734 ipsc
1021 2702 1096 2726 dom.
1116 2702 1138 2725 S
1155 2715 1187 2718 —
1210 2708 1248 2725 12.
1264 2699 1398 2732 suprase]
1413 2702 1551 2732 promissa
1567 2701 1589 2725 S
1608 2714 1639 2718 —
1664 2709 1703 2732 14.
1717 2702 1792 2725 dom.
1808 2701 1886 2734 Pad.]
1905 2702 1953 2725 Pa<

127 2740 209 2765 duam
230 2742 292 2766 8-
309 2748 347 2773 17.
367 2744 401 2767 de
420 2751 514 2768 mense
535 2744 557 2768 S
570 2758 600 2763 —
618 2744 656 2768 18.
672 2744 768 2768 Goric.
789 2746 881 2768 autem
903 2745 926 2769 S
939 2758 968 2762 -
983 2751 1024 2776 32-
1040 2745 1168 2776 predicta
1181 2744 1204 2768 S
1216 2756 1225 2761 —
1239 2744 1404 2775 supradicto
1419 2743 1441 2767 S
1452 2756 1485 2759 —
1498 2742 1542 2773 36.
1556 2743 1744 2774 condennari]
1762 2744 1921 2767 forbanniri
1937 2744 1959 2767 S

211 2829 220 2845 ¹
239 2829 375 2861 costros„
397 2832 534 2861 Chronica,
554 2832 588 2861 ΙΙ,
609 2839 638 2863 9;
654 2831 740 2861 “Que
754 2834 851 2857 omnia
872 2832 1006 2857 Consilio
1064 2833 1174 2862 Mssnm,
1197 2830 1250 2863 57).

127 2870 240 2896 “Padue
258 2873 422 2904 placuerunt
436 2891 460 2906 ‚,.
1150 2874 1160 2889 ³
1180 2875 1325 2905 Aggiunta
1341 2873 1416 2897 dello
1437 2874 1577 2902 smittore,
1600 2875 1680 2905 quasi
1702 2882 1717 2898 a
1731 2876 1892 2898 commento
1907 2874 1951 2898 del
1984 2880 2016 2896 10

84 2919 97 2944 ς
211 2914 222 2930 ²
241 2913 264 2937 11
283 2915 409 2946 capitolo
429 2915 443 2940 'e
461 2916 608 2940 conforme
629 2924 644 2940 a
664 2916 801 2947 Con-ros„
823 2917 964 2946 Chronica,
978 2916 1012 2945 ΙΙ,
1067 2919 1200 2941 racconto
1221 2917 1397 2940 cortusiano.

129 2961 168 2984 ιο,
188 2955 267 2980 salvo
287 2957 335 2980 che
354 2958 380 2981 ai
406 2959 552 2991 rispettivi
578 2960 676 2991 luoghi
698 2959 724 2983 al
745 2961 866 2983 termine
887 2959 1015 2983 Pmluam'
1154 2956 1163 2971 ⁴
1185 2958 1236 2981 Dal
1258 2958 1395 2985 Consum,
1417 2958 1554 2985 Chronica,
1574 2957 1606 2986 11,
1624 2965 1663 2985 10,
1683 2958 1865 2981 attribuendo
1887 2957 1953 2989 pen-‹³›

125 2996 155 3021 di
173 3000 270 3028 questo
289 2997 303 3022 *e
322 3001 468 3025 sostituito
494 3001 515 3024 il
537 3009 619 3025 nome
639 3002 670 3025 di
694 3001 799 3032 Iacopo
827 3002 860 3025 da
884 3002 1012 3029 Car-rara,
1067 3000 1243 3023 l'iniziativa
1269 3008 1282 3023 a
1309 2999 1413 3031 Iar-opo
1439 3000 1473 3023 da
1495 3000 1622 3023 Curram.
1660 2999 1705 3023 Cs.
1734 3001 1884 3031 MUSSATO,
1912 3002 1955 3024 De

127 3046 141 3063 e
166 3047 180 3064 a
202 3039 348 3071 Mussmo,
372 3043 415 3066 De
430 3044 527 3075 gestis,
546 3044 607 3072 XII,
631 3051 640 3067 1
661 3041 716 3076 (ed.
736 3045 862 3072 Pmmm,
887 3051 950 3072 1113
971 3043 1013 3066 ed.
1063 3044 1160 3074 gestis,
1183 3042 1228 3072 XI,
1249 3050 1264 3071 o
1285 3042 1338 3074 ted.
1360 3042 1483 3070 Planum,
1508 3048 1572 3072 1073
1593 3042 1706 3070 Maon«,
1727 3041 1779 3074 54).
