2422 3684
501 225 673 261 GESTA
702 227 1005 262 MAGNIFICA
1034 227 1219 262 DOMUS
1249 226 1634 262 CARRARIENSIS
1964 227 1981 265 7

795 438 871 470 VII.
897 457 937 461 —
966 439 1127 470 Dominus
1152 439 1337 471 lacobinus.

237 531 266 563 9.
291 531 370 572 [19].
397 551 435 555 —
455 530 556 561 Anno
574 531 706 561 domini
723 530 906 562 millesimo
924 531 1113 563 centesimo
1131 532 1364 573 octuagesimo
1382 537 1503 573 quarto
1520 531 1714 572 prescripto
1732 532 1871 563 domino
1890 531 1982 562 Mar-

146 584 222 615 silio
246 584 413 616 successit
429 583 447 616 ¹.
495 584 563 615 Hic
580 594 682 625 opum
700 583 998 615 innumerabilium
1014 584 1139 615 claruit
1157 585 1355 621 affluencia,
1374 586 1423 616 vir
1439 585 1471 615 in
1491 585 1594 615 armis
1610 591 1768 616 strenuus
1786 591 1819 615 et
1834 585 1982 615 consilio

144 638 311 679 prudens,
335 638 462 679 primus
486 637 531 668 ad
555 636 648 668 urbis
673 638 833 677 honores,
859 647 1004 677 quorum
1030 638 1177 678 cupidus
1195 643 1276 669 erat.
1325 638 1488 680 Magnam
1508 637 1629 669 habuit
1646 637 1764 678 populi
1782 637 1982 679 sequellam,

102 690 119 721 5
143 691 262 722 amicis
286 691 465 721 munificus
488 696 522 721 et
546 689 711 726 liberalis;
734 690 769 719 in
787 689 933 730 dapibus
950 691 1076 731 largus,
1094 691 1242 721 libenter
1260 692 1417 722 convivia
1436 690 1596 732 parabat;
1614 689 1875 721 necessitatibus
1892 701 1987 722 num-

144 754 245 785 quam
269 744 368 786 piger
390 743 593 780 amicorum,
617 743 817 775 iniuriarum
835 743 1019 780 simulator,
1038 754 1121 785 quas
1137 744 1263 774 acriter
1280 744 1490 775 vindicabat.
1537 744 1602 775 Hic
1620 744 1860 774 monasterium
1878 744 1987 775 sancti

142 795 289 828 Steffani
307 798 350 828 de
368 797 526 828 Carraria
542 796 813 838 possessionibus
829 796 1022 837 ampliavit3
1041 797 1280 837 patrimonium
1299 798 1405 832 auxit:
1422 807 1561 828 uxorem
1579 797 1675 828 duxit
1690 798 1862 838 egregiam
1878 797 1988 828 domi-

143 860 221 880 nam
252 850 423 881 dominam
454 848 614 886 Mariam,
646 850 749 880 filiam
774 849 890 880 militis
914 849 1046 892 egregii
1071 850 1202 881 domini
1228 851 1365 881 Alberti
1390 851 1433 881 de
1457 849 1585 887 Baone,
1611 861 1652 880 ex
1676 860 1743 891 qua
1767 850 1986 891 quamplures

143 903 262 945 genuit
284 903 381 940 filios,
405 910 607 945 mortuoque
632 903 791 944 predicto
816 902 957 934 domino
991 902 1146 941 Alberto,
1178 914 1297 935 socero
1330 914 1402 940 suo,
1436 904 1489 934 cui
1520 902 1676 944 predicta
1705 903 1843 935 domina
1875 903 1987 934 Maria

83 955 120 988 10
145 967 231 988 uxor
253 967 313 988 sua
336 957 513 994 successit,
537 957 573 988 in
597 957 742 988 maxima
769 956 975 987 diviciarum
1002 957 1103 997 copia
1120 956 1162 988 ab
1180 956 1388 997 imperatore
1407 957 1578 989 Federico
1596 956 1812 998 privilegium
1830 957 1988 993 obtinuit,

142 1015 179 1041 ut
203 1010 358 1047 divicias,
382 1021 448 1052 que
472 1010 516 1042 ad
542 1010 654 1052 ipsum
679 1009 794 1040 uxoris
819 1009 954 1040 nomine
979 1010 1126 1040 transire
1145 1010 1322 1047 deberent,
1339 1016 1512 1052 tamquam
1530 1010 1665 1051 imperii
1690 1009 1918 1042 feudatarium
1944 1009 1986 1040 ab

143 1064 289 1106 imperio
306 1069 543 1106 cognosceret.
588 1064 695 1096 Cuius
718 1062 890 1105 privilegii
915 1068 1015 1094 tenor
1039 1063 1115 1094 talis
1138 1063 1228 1094 inter
1253 1069 1370 1095 cetera
1394 1064 1459 1095 fuit
1472 1062 1493 1094 ².

236 1169 276 1196 10.
295 1169 362 1204 [211.
383 1185 414 1188 —
435 1171 604 1199 Fridericus‚
618 1171 670 1194 Dei
685 1171 782 1201 gracia
800 1171 992 1195 Romanorum
1014 1172 1174 1201 imperator.
1195 1172 1337 1202 augustus.
1368 1171 1545 1194 excellencia
1560 1170 1717 1202 imperialis
1730 1177 1790 1193 earn
1805 1171 1878 1193 circa
1893 1169 1987 1193 fideles

145 1223 211 1240 suos
230 1217 434 1248 benignitatem
454 1217 555 1240 habere
575 1216 730 1243 consuevit⁷
751 1217 781 1238 ut
801 1216 959 1246 petencium
981 1216 1129 1238 desideriis
1150 1216 1270 1238 libenter
1291 1218 1428 1245 occurrat,
1447 1223 1478 1238 ca
1498 1216 1559 1238 sine
1578 1215 1743 1238 difficultate
1757 1215 1920 1242 concedens,
1934 1222 1986 1244 que

85 1258 115 1284 15
146 1261 217 1284 iuris
239 1261 316 1284 racio
336 1261 425 1284 dictat
447 1261 489 1284 vel
510 1261 669 1284 honestatis
689 1261 831 1291 respectus
849 1260 947 1283 suadet
967 1260 1094 1283 admicti.
1134 1260 1240 1282 Fidelis
1260 1261 1396 1290 siquidem
1420 1262 1513 1282 noster
1533 1260 1685 1283 Iacobinus
1704 1260 1736 1282 de
1757 1258 1899 1286 Carraria,
1924 1266 1985 1281 cum

144 1305 274 1334 Mariam,
294 1305 386 1329 filiam
407 1305 518 1329 Alberti
538 1306 570 1328 de
590 1305 693 1332 Baone,
713 1305 827 1328 haberet
846 1311 970 1331 uxorem,
991 1304 1149 1335 postulavit
1171 1307 1199 1327 ut
1220 1312 1259 1332 va,
1281 1312 1331 1334 qux>
1352 1305 1384 1327 ad
1407 1305 1495 1335 ipsum
1518 1305 1633 1326 nominc
1654 1304 1752 1327 uxoris
1771 1304 1892 1327 transire
1907 1303 1986 1326 debe-

145 1351 215 1377 rent,
235 1351 330 1374 nostra
351 1350 532 1374 concessione
552 1358 566 1373 a
588 1350 670 1373 nobis
690 1349 840 1373 obtineret.
878 1348 937 1371 Nos
958 1350 1045 1380 igitur
1066 1349 1150 1371 sideni
1172 1350 1231 1371 eius
1251 1350 1277 1371 et
1298 1350 1399 1372 devota
1421 1349 1565 1379 obsequia,
1591 1349 1692 1379 quibus
1718 1348 1800 1371 nobis
1820 1349 1846 1371 et
1867 1347 1987 1378 imperio

146 1395 249 1426 iugiter
269 1396 433 1423 deservivit,
454 1396 631 1426 respicenteS,
652 1395 804 1426 postulata,
825 1395 960 1424 quantum
983 1401 1033 1417 nos
1053 1394 1117 1417 (lare
1137 1395 1164 1416 et
1185 1395 1243 1424 ipse
1263 1395 1295 1417 (lc
1317 1395 1373 1416 inre
1395 1396 1489 1424 posset
1509 1394 1644 1425 accipere,
1663 1394 1856 1416 concessimus
1875 1394 1903 1415 et
1924 1393 1985 1423 ipso

143 1439 285 1463 beneficio
304 1441 398 1471 preter
416 1439 473 1463 alia
492 1440 552 1463 eius
571 1439 653 1462 feuda
673 1446 734 1462 eum
756 1439 967 1462 investivimus.
1003 1438 1038 1460 Et
1060 1442 1089 1461 ut
1109 1439 1160 1460 hoc
1182 1439 1362 1461 auctoritatis
1384 1439 1479 1461 nostre
1507 1438 1610 1461 factum
1639 1439 1728 1461 ratum
1754 1437 1898 1466 habeatur,
1926 1443 1983 1467 pre-

79 1480 115 1507 20
143 1485 250 1507 sentem
278 1484 342 1507 inde
368 1485 498 1515 paginam
527 1483 666 1506 conscribi
695 1483 812 1506 fecimus
837 1484 864 1506 et
890 1483 1076 1513 impressione
1103 1484 1193 1505 nostri
1220 1482 1309 1512 sigilli
1337 1483 1516 1505 communiri.
1554 1481 1650 1505 Testes
1678 1482 1805 1505 corasius
1832 1481 1985 1504 lubicensis

143 1528 256 1555 electus,
278 1528 465 1551 Villehelmus
486 1529 606 1551 astensis
629 1528 788 1559 episcopus,
810 1528 943 1559 magister
963 1527 1114 1556 Rodulfns,
1136 1527 1293 1557 imperialis
1313 1528 1374 1549 aule
1390 1527 1635 1557 prothonolurius,
1650 1526 1807 1555 Federicus,
1822 1526 1983 1558 prepositus

143 1573 216 1596 santi
231 1571 338 1596 'rhome
358 1573 386 1596 in
407 1573 565 1603 argentina,
585 1571 726 1595 Rodulfus
740 1573 918 1600 camerarius,
932 1571 1077 1594 Fulconus
1089 1572 1121 1594 de
1137 1572 1302 1594 Lindcnare.
1316 1571 1453 1594 llenricus
1467 1572 1637 1594 muncrarius
1651 1571 1683 1594 de
1698 1571 1872 1601 Emerighen,
1886 1570 1984 1593 Sacius

143 1616 176 1640 de
194 1616 289 1640 Padua
309 1619 335 1640 et
355 1617 405 1640 alii
426 1617 614 1648 quamplures.

229 1661 334 1685 Datum
354 1661 448 1692 Papie,
468 1668 544 1684 anno
562 1661 706 1684 dominice
727 1661 940 1684 incarnacionis
959 1659 1181 1687 MCLXXXIIIL
1203 1660 1345 1683 indicione
1364 1666 1410 1688 111,
1430 1666 1461 1682 VI
1481 1660 1542 1683 idus
1561 1660 1696 1682 octubris.

78 1756 117 1788 25
230 1757 308 1789 Hoc
332 1757 550 1800 privilegium
575 1767 617 1789 ex
641 1757 816 1788 autentico
842 1756 1057 1798 imperatoris
1089 1756 1258 1787 Friderici
1291 1763 1538 1797 transumptum
1572 1756 1637 1786 fuit
1661 1757 1696 1786 in
1728 1766 1818 1785 anno
1851 1754 1982 1786 domini

141 1810 321 1842 millesimo
354 1811 596 1843 trecentesimo
633 1811 848 1853 sexagesimo
880 1811 1045 1848 secundo,
1076 1810 1252 1842 indicione
1285 1810 1415 1851 quinta,
1447 1810 1504 1840 die
1537 1809 1656 1840 martis
1695 1809 1832 1840 decimo
1857 1809 1983 1839 mensis

140 1863 298 1901 ianuarii,
322 1869 355 1895 et
381 1864 600 1906 registratum
626 1864 662 1894 in
687 1864 898 1895 cancelleria
922 1864 1079 1895 comunis
1103 1863 1233 1899 padue,
1258 1868 1292 1894 et
1317 1862 1358 1893 ab
1382 1863 1464 1893 inde
1489 1873 1555 1904 ego
1580 1862 1779 1903 exemplavi.

296 1998 392 2030 VIII.
416 2015 458 2020 —
481 1998 646 2029 Dominus
670 1997 864 2035 stlarsz'lius,
888 1996 1095 2034 Albertimcs,
1122 1998 1247 2029 Petrus
1273 1997 1397 2035 Comes,
1425 1996 1563 2038 Ugucc'o
1587 2000 1619 2026 et
1641 1995 1828 2027 Iacobinus.

233 2097 281 2128 11.
305 2096 384 2138 [22].
410 2117 449 2121 —
468 2095 569 2128 Anno
595 2096 725 2128 domini
746 2095 1021 2128 MCLXXXXII
1039 2096 1098 2126 filii
1115 2096 1349 2136 suprascripto
1367 2094 1506 2126 domino
1523 2093 1689 2125 Iacobino
1707 2100 1949 2125 successerunt
1961 2093 1983 2125 ³.

76 2151 116 2182 30
141 2149 253 2182 Castri
277 2149 449 2187 Carrarie,
476 2149 703 2191 Anguillarie,
727 2149 912 2181 Permunie
941 2155 974 2180 et
997 2149 1107 2192 Agne,
1125 2159 1202 2180 cum
1221 2159 1338 2179 eorum
1365 2148 1480 2183 curiis,
1505 2147 1730 2187 pertinenciis
1755 2153 1788 2178 et
1812 2147 1981 2185 districtu,

141 2198 329 2234 dominium
356 2202 559 2239 habuerunt,
584 2209 787 2234 cunctorum
813 2201 978 2233 nobilium
1003 2202 1117 2233 tocius
1142 2201 1299 2232 Marchie
1326 2200 1598 2241 possessionibus
1621 2200 1811 2240 predivites
1835 2206 1978 2240 utraque

141 2255 332 2287 hereditate
357 2262 426 2286 tam
450 2263 606 2297 paterna,
631 2266 732 2297 quam
758 2262 925 2291 materna,
955 2255 1017 2285 viri
1050 2255 1168 2297 utique
1200 2254 1405 2295 magnanimi
1437 2259 1471 2284 et
1504 2253 1674 2288 liberales,
1699 2253 1796 2294 equis
1819 2259 1852 2284 et
1877 2253 1979 2284 armis

142 2308 318 2340 delectati.
350 2308 411 2339 His
428 2309 525 2340 multi
543 2309 681 2340 fuerunt
697 2309 800 2345 servi,
818 2308 955 2339 vassalli
973 2314 1008 2339 et
1025 2308 1163 2343 ancille,
1179 2307 1444 2338 innumerabilia
1461 2306 1576 2342 feuda,
1595 2305 1757 2336 nobilium
1772 2306 1978 2336 familiarum

142 2362 240 2394 turba
263 2362 464 2403 pulcerima.
501 2362 539 2393 In
564 2361 708 2394 civitate
726 2361 915 2399 formidati,
933 2362 1042 2393 tocius
1060 2361 1257 2392 habuerunt
1274 2360 1392 2401 populi
1410 2360 1583 2395 fuvorem3
1602 2369 1664 2400 pro
1682 2358 1871 2390 amicorum
1890 2359 1975 2390 iniu-

80 2414 119 2446 35
142 2415 199 2446 riis
222 2421 291 2446 tam
317 2426 358 2446 ex
385 2415 480 2446 facili
504 2426 606 2457 quarn
629 2415 781 2456 propriis
806 2426 899 2445 arma
924 2420 1157 2456 sumpserunt;
1184 2414 1289 2444 nichil
1314 2420 1380 2443 tam
1405 2411 1548 2454 grande,
1572 2410 1666 2453 quod
1692 2422 1760 2442 non
1792 2413 1972 2444 auderent.

142 2468 218 2499 Iura
241 2468 459 2508 imperatoris
483 2468 516 2498 in
543 2467 681 2499 civitate
706 2467 828 2504 secuti,
844 2467 1010 2498 nobilium
1036 2466 1219 2498 multorum
1245 2466 1370 2497 civium
1396 2464 1570 2506 sequelam
1589 2463 1782 2496 habuerunt
1806 2471 1839 2495 et
1864 2465 1976 2496 multis

141 2521 279 2552 fuerunt
303 2521 398 2552 exosi
422 2521 544 2552 timore
569 2521 677 2562 magis
702 2527 815 2552 tamen
839 2532 939 2563 quam
966 2521 1119 2557 racione,
1144 2526 1212 2551 tum
1239 2519 1318 2561 quia
1343 2519 1466 2549 fratres
1489 2518 1641 2559 quinque
1665 2518 1700 2548 in
1725 2519 1877 2558 personis
1901 2519 1975 2549 fue-

139 2580 227 2612 runt,
252 2584 317 2606 nec
341 2574 453 2606 minor
476 2585 577 2616 quam
602 2584 826 2615 personarum
852 2574 1036 2616 quantitas,
1061 2573 1248 2604 affluencie
1274 2582 1332 2603 sue
1356 2571 1423 2602 fuit
1448 2571 1549 2611 copia
1574 2571 1797 2612 permaxima.

231 2710 238 2728 ¹
257 2712 405 2744 Iacopino,
427 2713 507 2744 figlio
535 2713 563 2736 di
591 2713 723 2736 Marsilio
750 2721 764 2736 e
791 2720 841 2736 suo
868 2719 1033 2743 successore,
1178 2710 1187 2725 ²
1208 2710 1252 2734 Cf.
1273 2710 1401 2739 Crxorno,
1423 2711 1530 2739 Albero,
1551 2717 1577 2742 p.
1595 2717 1624 2741 14
1638 2717 1692 2741 sg-;
1708 2710 1735 2734 S·
1751 2710 1872 2742 Slcstvw,
1890 2718 1916 2742 P·
1931 2716 1977 2741 533

144 2753 231 2778 lascio
250 2763 328 2778 come
349 2754 370 2778 il
390 2756 475 2787 padre
495 2755 572 2787 larga
593 2756 697 2779 traccia
717 2755 790 2779 delle
805 2763 852 2779 sue
871 2756 958 2787 gesta.
996 2756 1032 2778 Di
1089 2755 1250 2782 [munimen
1274 2754 1318 2775 lsl.
1339 2754 1410 2781 cccl„
1436 2752 1455 2780 Ι,
1476 2758 1534 2783 735.
2010 2760 2039 2775 10

144 2789 201 2819 esse
219 2803 233 2819 e
253 2797 296 2820 dei
317 2798 381 2821 suoi
402 2798 530 2829 rapporti
550 2805 602 2820 con
624 2799 631 2820 i
654 2798 695 2820 Da
714 2798 808 2821 Baone
828 2798 849 2821 il
869 2798 1033 2829 genealogi·
1177 2793 1187 2809 ³
1208 2796 1270 2818 Non
1292 2802 1372 2817 meno
1394 2796 1442 2817 che
1463 2795 1555 2825 quella
1576 2795 1605 2817 di
1626 2794 1760 2825 Iar-opino
1781 2795 1807 2818 al
1827 2796 1910 2826 padre
1927 2802 1977 2817 suo

145 2839 186 2861 sta
206 2845 321 2862 conosce
342 2839 404 2862 solo
426 2839 446 2861 il
468 2838 596 2869 diploma
623 2839 800 2863 federiciano
827 2839 871 2862 del
901 2839 975 2868 1184,
1004 2841 1032 2862 in
1088 2839 1230 2865 Man-silio,
1248 2845 1367 2860 erronea
1388 2835 1401 2859 ὲ
1421 2838 1446 2859 la
1468 2838 1532 2860 data
1553 2837 1581 2859 di
1603 2839 1781 2860 successione
1807 2838 1848 2860 dei
1877 2838 1978 2867 cinque

102 2885 116 2911 5
144 2880 208 2903 base
227 2880 253 2903 al
273 2881 354 2911 quale
371 2888 423 2904 con
444 2882 604 2913 sbrigativo
624 2882 746 2905 arbitrio
760 2880 873 2905 colloco
889 2882 914 2905 la
929 2888 1032 2905 succes·
1086 2881 1145 2911 figli
1168 2888 1182 2903 a
1203 2880 1346 2910 Iacopind
1370 2885 1443 2905 1102,
1464 2879 1512 2902 che
1535 2886 1590 2901 non
1612 2879 1719 2902 sembra
1739 2879 1911 2909 giustificata
1931 2878 1977 2902 dai

144 2922 225 2945 sione
243 2929 258 2945 a
277 2922 334 2946 tale
347 2930 431 2946 anno.
469 2923 495 2946 A
520 2931 570 2947 suo
585 2924 672 2954 luogo
687 2925 708 2947 si
724 2922 809 2947 vedrit
824 2924 852 2947 in
868 2925 934 2954 qual
951 2931 1031 2947 senso
1087 2922 1251 2946 documenti
1277 2921 1383 2944 riser-iti
1410 2920 1485 2944 nella
1510 2922 1718 2953 compilazione
1744 2922 1940 2948 bernai-diana,
1960 2928 1976 2943 0

145 2964 167 2986 si
188 2963 275 2987 debba
295 2965 445 2989 rettificare
465 2966 491 2988 la
512 2965 577 2989 data
599 2965 673 2989 della
692 2969 782 2990 morte
804 2967 831 2989 di
861 2966 991 2989 Mai-silio
1019 2974 1031 2988 e
1089 2971 1147 2986 non
1169 2965 1238 2989 noti,
1260 2972 1275 2985 o
1291 2963 1343 2985 mal
1362 2964 1432 2990 noti,
1447 2970 1463 2985 0
1479 2971 1536 2986 non
1551 2963 1688 2986 utilizzati
1704 2964 1748 2986 dal
1768 2964 1858 2995 primo
1879 2969 1976 2993 genea—
2008 2971 2037 2997 15

143 3005 254 3029 l'inizio
273 3006 348 3030 della
369 3009 490 3032 carriera
511 3008 633 3040 politica
653 3008 682 3031 di
701 3007 847 3040 Iacopino.
1088 3006 1204 3037 logism-
