2422 3684
450 235 620 271 GESTA
649 235 954 271 MAGNIFICA
982 235 1169 270 DOMUS
1199 233 1588 270 CARRARIENSIS
1916 236 1962 275 37

129 368 174 399 nii
199 369 336 410 suisque
359 368 585 410 complicibus
608 368 709 399 invisi
742 369 932 400 simultates
947 380 988 400 ac
1013 369 1093 400 odia
1116 368 1430 410 circumspectione
1455 368 1559 399 multa
1583 368 1798 406 simulabant,
1821 369 1855 399 in
1880 369 1968 400 dies—

131 431 198 464 que
222 421 473 463 producebant,
497 433 540 452 ne
565 422 649 463 quid
671 422 707 452 in
731 423 815 453 tanti
851 421 931 453 belli
963 421 1163 454 discrimine
1188 422 1308 454 civitas
1339 422 1549 453 incommodi
1581 427 1765 463 pateretur.
1813 421 1967 464 Cumque

132 474 176 506 ob
198 476 234 506 id
258 487 276 506 a
300 476 402 508 Petro
427 475 598 507 Alticlinii
623 481 658 506 et
679 475 909 515 complicibus
932 475 1153 516 pusilanimes
1170 475 1382 512 dicerentur,
1399 475 1436 506 id
1454 474 1628 506 malebant
1644 486 1744 516 quam
1762 475 1810 506 rei
1828 474 1966 515 publice

130 527 378 569 impedimento
402 529 488 560 fore.
536 528 596 559 Set
620 529 656 559 in
679 528 745 558 hac
770 528 1041 559 Carrariensium
1067 530 1259 569 propagine
1292 528 1434 560 audacis
1466 528 1592 559 indolis
1622 534 1656 559 et
1687 528 1902 569 magnanime
1934 527 1967 557 hi

88 579 105 611 5
131 581 199 612 duo
223 588 331 620 erant,
355 582 398 614 de
423 582 544 623 quibus
567 582 638 613 feci
661 581 818 622 superius
840 583 1067 619 mencionem,
1091 582 1266 613 dominum
1291 582 1402 613 silicet
1424 582 1558 623 Oppico
1584 588 1617 612 et
1641 582 1815 619 Nicolaus‚
1846 581 1968 612 factio-

129 635 181 665 nis
205 635 297 667 Petri
322 635 490 668 Alticlinii
514 641 549 667 et
573 636 794 677 complicium
819 636 1056 676 impacientes‚
1080 647 1197 667 eorum
1223 642 1321 677 gesta
1344 637 1388 668 ad
1413 636 1655 667 verecundiam
1681 642 1715 666 et
1746 636 1855 667 tocius
1887 636 1969 665 Car-

131 689 332 720 rarieusium
357 689 479 721 domus
501 689 723 731 ignominiam
746 695 956 730 reputantes.
1001 690 1054 721 Ex
1077 690 1144 721 hoc
1160 690 1225 721 sibi
1251 690 1422 721 consociis
1442 691 1574 726 accitis,
1595 689 1622 720 si
1647 700 1683 720 se
1699 689 1840 720 materia
1865 688 1969 718 affer-

129 749 191 778 ret,
215 753 292 774 cum
315 742 482 784 predictis
505 743 607 774 Petro
631 748 665 774 et
687 743 836 774 Roncho
860 743 1024 773 conferre
1047 753 1167 774 manus
1184 743 1434 774 constituerunt
1456 748 1587 783 presto:
1613 742 1669 774 ubi
1693 743 1841 773 rixarum
1867 750 1967 772 cause

131 794 303 829 deessent,
334 805 391 826 eas
420 794 532 826 modis
562 795 720 826 omnibus
751 794 918 826 invenire.
965 794 1027 826 Set
1058 796 1152 827 facto
1184 796 1384 836 repentinus
1416 807 1515 827 casus
1548 806 1627 827 mox
1659 795 1755 826 dedit
1790 794 1968 825 effectum.

70 845 107 876 10
133 846 219 876 Nam
244 847 393 878 instante
418 847 559 884 Vercio‚
583 847 652 878 filio
676 848 826 884 Ronchi‚
851 848 996 889 aliisque
1020 859 1078 878 sue
1103 849 1212 889 partis
1236 848 1505 890 quampluribus,
1522 848 1634 879 Dinns
1658 849 1702 879 de
1726 847 1869 882 Rubeis,
1892 845 1968 876 Ari-

130 900 293 932 minensis
316 901 413 938 civis,
437 901 557 933 Padue
582 906 744 941 potestas,
768 901 969 933 convocatis
992 901 1025 931 in
1058 902 1214 933 comunis
1245 902 1381 943 palacio
1413 902 1545 934 civibus
1569 902 1720 943 quinque
1745 911 1807 942 pro
1834 899 1969 941 singulo

127 954 298 994 quarterio
321 953 483 990 civitatis,
508 965 527 986 a
550 954 750 995 supradicto
774 954 878 986 Petro
903 955 1048 997 aliisque
1076 955 1126 986 sui
1160 955 1297 996 collegii
1324 955 1548 996 complicibus
1581 956 1748 991 hortatus,
1778 954 1968 993 interroga-

128 1006 263 1037 cionem
288 1007 384 1044 fecit,
409 1007 491 1049 quid
515 1008 600 1047 ipsis
623 1017 726 1047 super
749 1014 838 1039 statu
870 1014 905 1039 et
937 1007 1097 1039 custodia
1129 1008 1278 1039 civitatis
1309 1009 1480 1049 agendum
1512 1009 1701 1040 videretur.
1748 1007 1898 1048 Moxque
1927 1015 1969 1036 ex

128 1059 234 1101 ipsius
258 1060 354 1092 Petri
377 1061 553 1092 sentencia
577 1061 762 1092 stabilitum
788 1068 839 1093 est
862 1072 904 1092 ex
928 1061 1124 1103 gibolengis
1155 1061 1352 1099 duodecim,
1377 1072 1463 1103 quos
1494 1062 1698 1098 nominavit,
1729 1066 1827 1092 extra
1849 1059 1968 1090 Padue

68 1112 104 1143 15
129 1113 214 1144 fines
235 1114 346 1145 arceri
371 1114 512 1151 debere,
543 1115 594 1146 sic
624 1115 762 1146 demum
793 1125 929 1147 omnem
961 1115 1194 1156 suspectionis
1224 1126 1359 1146 causam
1392 1126 1411 1146 a
1440 1115 1579 1146 civitate
1610 1115 1789 1146 removeri.
1835 1113 1887 1144 Ex
1915 1111 1969 1142 his

130 1172 242 1198 autem
265 1167 462 1209 relegandis
485 1168 668 1199 duodecim
695 1168 853 1210 plerique
877 1168 995 1200 affines
1020 1173 1118 1199 erant
1140 1169 1225 1209 ipsis
1249 1169 1397 1200 dominis
1414 1169 1563 1200 Nicolao
1581 1174 1614 1199 et
1631 1167 1804 1209 Oppiconi
1824 1166 1868 1197 de
1887 1165 1971 1196 Car-

129 1220 219 1251 raria
242 1225 275 1252 et
299 1220 543 1252 consodalibus
567 1231 703 1255 eorum:
727 1232 771 1252 ex
795 1231 862 1262 quo
886 1222 954 1253 hoc
977 1220 1044 1253 sibi
1068 1222 1114 1253 ad
1137 1221 1299 1252 iniuriam
1325 1222 1453 1252 facturn
1479 1227 1688 1263 reputante&
1712 1219 1868 1251 meditati
1892 1225 1969 1249 sunt

129 1272 268 1304 Petrum
293 1273 402 1314 ipsum
429 1284 506 1305 cum
532 1274 612 1305 filiis
638 1275 868 1306 occidendum
893 1275 1065 1317 malleque
1089 1276 1123 1306 in
1149 1275 1348 1306 discrimine
1372 1285 1505 1316 ponere
1538 1274 1716 1307 civitatem
1748 1284 1848 1315 quam
1879 1272 1971 1313 ipso-

125 1337 200 1357 rum
224 1337 368 1367 parcere
394 1328 557 1359 faccioni.
604 1329 744 1360 Domini
768 1339 851 1360 vero
875 1328 1024 1360 Iacobus
1045 1339 1087 1360 ac
1111 1327 1301 1360 Ubertinus
1325 1339 1387 1370 pro
1410 1328 1536 1360 saniori
1559 1328 1652 1359 urbis
1676 1326 1819 1358 consilio
1843 1326 1968 1356 Dinum

65 1381 107 1411 20
129 1385 336 1421 potestatem
362 1387 396 1412 et
412 1381 576 1413 ancianos
601 1388 821 1423 rogaverunt,
844 1388 881 1413 ut
897 1382 1088 1414 reformare
1105 1382 1237 1414 vellent
1253 1383 1345 1424 quod
1364 1388 1484 1414 contra
1501 1382 1592 1423 ipsos
1608 1381 1814 1422 gibolengos
1837 1380 1967 1410 factum

129 1439 204 1464 erat
226 1434 335 1475 magis
357 1434 402 1465 ad
426 1435 669 1466 contumeliam
693 1446 793 1476 quam
819 1435 862 1467 ad
886 1435 1067 1466 iusticiam.
1114 1434 1174 1466 Set
1198 1435 1291 1475 apud
1315 1435 1444 1473 rigidos
1470 1440 1502 1465 et
1534 1435 1728 1475 pertinaces
1751 1433 1970 1473 magistratus

129 1486 280 1527 ipsorum
305 1497 430 1527 preces
453 1498 671 1530 nequaquam
696 1488 870 1529 profuere.
920 1488 1085 1520 Nicolaus
1108 1494 1143 1519 et
1166 1488 1301 1529 Oppico
1326 1499 1406 1518 mox
1431 1488 1617 1530 agrestium
1647 1487 1763 1527 copias
1796 1492 1899 1516 noctu
1936 1486 1966 1514 in

129 1538 251 1571 urbem
275 1541 464 1580 adduxere,
487 1542 579 1582 ipsos
602 1552 665 1582 per
688 1541 865 1573 domicilia
889 1547 923 1573 et
945 1541 1024 1573 loca
1049 1540 1167 1573 abdita
1188 1541 1423 1582 disponentes
1470 1541 1575 1572 Mane
1600 1546 1714 1572 autem
1738 1539 1877 1570 Petrum
1911 1537 1970 1568 At-

129 1593 252 1624 tielinii
279 1604 356 1624 cum
378 1593 458 1625 filiis
490 1594 534 1626 ad
567 1595 754 1635 pretorium
779 1595 1006 1627 accedentem
1031 1594 1126 1626 iuxta
1156 1594 1277 1626 venale
1302 1594 1414 1625 forum
1446 1594 1575 1635 agressi
1600 1599 1698 1625 sunt:
1727 1602 1828 1634 quem
1854 1591 1967 1631 capite

64 1644 105 1676 25
132 1646 345 1677 vulneratum
372 1652 405 1678 et
429 1648 473 1679 ad
504 1646 643 1679 domum
675 1648 852 1688 propriam
886 1647 1143 1687 confugientem
1177 1648 1321 1679 insecuti
1347 1653 1435 1685 sunt,
1459 1653 1510 1678 set
1535 1647 1641 1678 celeri
1671 1657 1759 1687 equo
1787 1644 1969 1676 advectum

128 1698 223 1729 illum
249 1699 392 1730 tenebre
416 1700 516 1732 morti
541 1700 768 1741 arripuerunt.
815 1700 921 1731 Inde:
953 1700 1086 1731 “Vivat
1106 1700 1252 1742 populus
1267 1724 1294 1740 „‚
1312 1700 1363 1730 sic
1385 1700 1474 1732 enim
1500 1700 1630 1731 domini
1655 1698 1824 1729 Nicolaus
1848 1703 1882 1728 et
1897 1697 1969 1738 Op-

129 1751 210 1794 pico
234 1762 295 1783 sua
319 1752 430 1793 prima
452 1763 540 1785 voce
565 1753 736 1785 dixerunt.
782 1752 866 1785 Mox
897 1754 1047 1785 clamore
1080 1763 1144 1793 per
1169 1753 1245 1784 fora
1276 1759 1311 1784 et
1335 1753 1490 1794 platheas
1517 1752 1794 1787 increbescente,
1818 1750 1970 1792 undique

129 1815 335 1837 concursum
358 1811 411 1837 est
434 1806 478 1838 ad
495 1817 599 1838 arma.
631 1807 753 1844 Diuus,
771 1812 932 1847 potestas,
951 1817 1027 1837 cum
1046 1817 1105 1838 sue
1130 1806 1261 1838 familie
1285 1806 1424 1847 sequela
1442 1805 1575 1847 prosilit
1591 1805 1625 1836 in
1641 1806 1763 1844 forum,
1781 1803 1970 1845 insignibus

133 1858 324 1900 explicatis.
369 1859 472 1890 Tunc
497 1860 573 1891 fora
598 1870 640 1890 ex
664 1860 874 1901 equestrium
900 1866 933 1891 et
957 1859 1172 1900 pedestrium
1197 1853 1386 1901 implentur
1410 1859 1570 1895 catervis,
1604 1858 1721 1899 nilque
1746 1857 1836 1888 aliud
1869 1866 1971 1897 quam

65 1912 108 1942 30
127 1912 291 1954 populum
315 1912 428 1944 vivere
454 1919 633 1944 cuntorum
657 1923 761 1945 voces
786 1912 1038 1949 acclamabant,
1063 1922 1139 1944 cum
1165 1913 1304 1943 tandem
1329 1913 1448 1949 Dimis,
1473 1918 1637 1953 potestaS‚
1667 1909 1970 1951 stipendiariorum

131 1973 173 1996 ac
196 1964 318 2006 populi
341 1965 559 1997 multitudine
583 1966 735 2007 stipatus,
761 1972 881 1997 cuntas
904 1966 1048 1997 militum
1072 1965 1191 1996 turbas
1215 1971 1312 1996 extra
1337 1966 1447 1996 forum
1474 1964 1571 1996 iussit
1593 1964 1689 1996 abire
1714 1963 1829 2004 idque,
1855 1973 1972 2004 quam-

130 2028 230 2060 quam
254 2028 348 2060 egre,
373 2018 615 2050 vacillantibus
638 2019 674 2050 in
698 2019 856 2061 ingressu
880 2024 913 2049 et
937 2029 1096 2060 regressu
1121 2018 1293 2056 militibus
1318 2024 1432 2049 tamen
1458 2017 1711 2058 particulariter
1735 2016 1806 2046 fieri
1836 2021 1971 2056 ceptum

130 2075 191 2102 est.
237 2070 370 2102 Primus
393 2071 512 2113 itaque
536 2071 732 2113 quarterius
756 2071 875 2102 Pontis
901 2071 1180 2103 Molendinorum
1207 2081 1224 2101 e
1249 2071 1326 2102 foro
1350 2070 1507 2106 secessit:
1541 2069 1630 2101 idem
1661 2068 1747 2100 fecit
1777 2068 1972 2110 quarterius

130 2123 242 2156 Domi.
288 2123 430 2166 Reliqui
456 2124 525 2155 duo
550 2124 726 2166 quarterii,
751 2124 973 2156 similitudine
997 2123 1189 2155 recedendi
1215 2130 1361 2164 ostensa,
1386 2133 1464 2154 mox
1488 2122 1635 2164 regressi
1659 2122 1771 2152 forum
1789 2131 1972 2162 accepere.

66 2175 108 2208 35
131 2176 195 2208 His
216 2186 291 2208 sese
315 2176 554 2209 Carrarienses
586 2188 664 2209 cum
692 2187 807 2209 eorum
841 2177 961 2208 amicis
995 2175 1174 2208 adhesere.
1221 2176 1322 2207 Tunc
1355 2175 1494 2206 domino
1527 2174 1700 2216 Oppiconi
1732 2175 1775 2205 de
1810 2173 1971 2206 Carraria

129 2229 257 2262 volenti
282 2230 388 2272 idque
412 2230 599 2272 requirenti
622 2230 782 2262 vexillum
808 2230 926 2271 populi
950 2230 1116 2261 collatum
1141 2236 1202 2267 est,
1227 2229 1283 2270 qui
1308 2230 1422 2260 vivere
1447 2228 1608 2270 populmn
1633 2238 1712 2259 mox
1737 2227 1805 2258 alte
1830 2227 1969 2259 concla-

129 2282 244 2320 mavit,
261 2293 346 2314 voce
369 2283 430 2314 illa
453 2283 601 2320 adiecta,
625 2289 660 2315 et
689 2285 703 2300 “
718 2284 906 2315 moriantur
930 2282 1168 2324 proditores„.
1216 2281 1292 2312 Nec
1318 2291 1422 2313 mora.
1471 2280 1754 2312 Acclamantibus
1778 2281 1902 2317 cuntis,
1923 2281 1969 2312 ad

131 2335 268 2367 domum
294 2335 389 2368 Petri
414 2336 457 2367 de
482 2334 662 2368 Alticlinio
694 2337 730 2367 fit
761 2346 961 2373 concursu&
986 2336 1104 2378 sicque
1129 2334 1240 2367 omnis
1271 2335 1342 2365 eius
1373 2344 1459 2376 gaca
1483 2333 1645 2365 continuo
1677 2339 1835 2373 surrepta
1860 2339 1910 2364 est
1934 2339 1968 2365 et

130 2389 290 2430 preciosa
312 2389 456 2430 supelex
482 2389 662 2431 omnisque
687 2388 840 2421 tabulata
864 2389 978 2430 paries
1002 2399 1021 2419 a
1038 2398 1169 2419 summo
1194 2387 1290 2429 tigno
1307 2387 1444 2428 penitus
1468 2386 1593 2418 excisa.
1640 2386 1711 2424 Set,
1736 2396 1755 2417 o
1771 2397 1825 2417 res
1842 2387 1968 2418 nedum

66 2444 107 2474 40
131 2442 304 2474 hominum
322 2442 530 2484 aspectibus,
553 2442 615 2474 sed
637 2443 789 2474 recitatu
811 2440 1031 2474 abhorendal
1056 2442 1096 2472 In
1120 2441 1185 2472 hac
1209 2441 1299 2472 enirn
1324 2440 1426 2472 domo
1453 2440 1485 2470 in
1511 2439 1708 2470 diversoriis
1730 2445 1869 2480 reperta
1893 2446 1969 2470 sunt

129 2495 313 2538 ergastula,
336 2495 507 2537 sepulcris
530 2495 696 2532 similium,
720 2495 948 2527 cadaveribus
970 2495 1111 2531 referta,
1134 2504 1214 2535 pars
1238 2493 1361 2524 ferreis
1380 2503 1514 2523 annexa
1531 2491 1768 2534 compedibus,
1784 2492 1969 2524 cuiuslibet

128 2549 229 2580 etatis
259 2555 293 2580 et
316 2558 417 2580 sexus
441 2549 627 2590 utriusque,
644 2559 724 2590 pars
742 2549 864 2580 vestita
885 2547 1030 2579 frenatis
1054 2547 1236 2589 penatibus,
1253 2546 1409 2577 recentia
1425 2552 1622 2586 veteraque,
1646 2545 1726 2576 olim
1743 2545 1821 2576 viva
1837 2544 1967 2576 ibidem

129 2601 275 2633 suclusa.
322 2600 393 2638 Set,
417 2612 437 2632 o
461 2607 627 2643 quantum
652 2601 718 2632 hec
743 2601 874 2633 scelera
899 2601 1088 2631 infaustum
1119 2606 1254 2641 patrem
1277 2609 1354 2629 curn
1379 2598 1456 2628 filiis
1480 2598 1525 2628 ad
1556 2598 1721 2639 populum
1753 2598 1968 2639 gravioribus

128 2655 322 2696 puniendos
344 2654 524 2696 suppliciis
546 2654 775 2686 accusaruntl
800 2654 922 2685 Fertur
939 2659 973 2684 et
989 2654 1031 2684 de
1049 2652 1163 2689 Pax-zio,
1183 2653 1249 2683 tilio
1266 2651 1402 2687 iuniori,
1418 2651 1512 2692 quod
1530 2651 1708 2682 exviscera
1725 2651 1797 2691 (sic)
1822 2651 1967 2693 coniuge

65 2708 106 2740 45
129 2713 265 2750 partum
289 2708 405 2745 eiecit,
428 2708 512 2739 licet
535 2718 554 2739 a
576 2717 612 2739 se
638 2713 860 2749 conceptum,
884 2707 969 2749 quin
989 2707 1056 2738 imo
1079 2705 1189 2747 ipsius
1206 2704 1353 2736 infauste
1372 2703 1529 2746 coniugis
1546 2713 1617 2742 cor,
1633 2715 1752 2735 nasum
1768 2709 1802 2735 et
1818 2704 1968 2746 genitale

216 2850 240 2873 4.
262 2844 289 2865 et
310 2840 415 2874 magn.]
436 2843 648 2874 prestantisque
666 2842 756 2865 animi
779 2841 802 2866 S
820 2853 852 2859 -
873 2847 897 2872 7.
920 2849 953 2864 ex
976 2848 1033 2871 quo
1054 2840 1108 2863 sibi
1130 2839 1218 2863 sociis
1244 2840 1266 2863 S
1291 2852 1321 2855 ν-
1349 2838 1372 2861 8.
1396 2839 1522 2861 rixarum
1548 2847 1595 2862 om.
1623 2838 1645 2862 S
1670 2851 1700 2855 —-
1730 2845 1768 2869 15⁴
1795 2838 1898 2862 finibus
1918 2840 1940 2863 S
1958 2852 1965 2855 -

130 2885 222 2908 omnis
243 2883 264 2906 S
285 2898 315 2902 --
339 2889 378 2914 17.
399 2891 432 2907 ex
452 2883 520 2914 quo]
541 2883 615 2907 unde
635 2884 657 2907 S
676 2896 707 2900 —
731 2890 770 2914 ¹9·
790 2881 905 2915 consib]
924 2883 1013 2906 salute
1033 2882 1055 2905 S
1072 2896 1104 2899 —
1124 2887 1166 2905 ει.
1187 2880 1275 2907 cont.l
1299 2880 1481 2910 iniquitatem
1502 2880 1524 2904 S
1542 2894 1573 2898 ——
1594 2886 1634 2903 22.
1653 2880 1771 2903 Interim
1792 2880 1927 2904 Nicolaus
1947 2880 1970 2904 S

131 2926 166 2950 ed
183 2934 231 2949 om.
256 2933 323 2949 mox
343 2939 376 2942 —
399 2931 440 2956 24.
460 2925 624 2949 accedentes
647 2925 670 2950 S
688 2938 719 2943 —
740 2924 781 2948 26.
801 2925 884 2948 illum
905 2926 962 2948 tum
988 2925 1053 2955 fuga
1075 2925 1102 2947 et
1128 2923 1234 2946 latebre
1262 2922 1283 2946 S
1301 2934 1332 2938 —
1354 2927 1396 2952 27.
1416 2923 1462 2945 sed
1483 2930 1552 2953 agg.
1571 2921 1594 2946 S
1611 2936 1643 2939 —
1668 2929 1710 2953 29.
1736 2922 1899 2953 explicatis,
1919 2924 1965 2945 sed

133 2974 200 2991 mox
222 2967 286 2991 foro
310 2968 434 2998 undique
454 2969 688 2992 concurrentium
708 2968 877 2998 equestrium
898 2965 921 2990 S
938 2979 970 2983 —
989 2973 1032 2997 31.
1053 2963 1142 2996 abire]
1164 2964 1289 2988 secedere
1310 2964 1332 2987 S
1348 2977 1380 2980 —
1400 2970 1443 2996 33,
1463 2971 1636 2996 occupavere
1655 2964 1757 2994 qulbus
1776 2963 1800 2988 S
1822 2977 1854 2980 —e
1873 2969 1914 2996 35.
1934 2965 1967 2987 de

92 3014 105 3041 5
136 3009 267 3034 Carraria
286 3018 334 3034 om.
354 3010 377 3035 S
