2422 3684
382 228 430 263 3O
731 223 902 260 GESTA
930 221 1230 260 MAGNIFICA
1259 221 1445 258 DOMUS
1475 220 1862 257 CARRARIENSIS

381 358 518 390 duntur.
564 356 749 396 Mamilius,
774 356 845 388 eius
870 356 967 393 filius,
992 355 1077 391 Pax,
1102 355 1221 392 frater,
1246 359 1279 385 et
1311 353 1495 390 Antonius,
1525 363 1645 394 nepos,
1670 353 1713 384 de
1737 353 1858 384 Padua
1886 352 2107 394 aufugerunt,
2139 351 2209 394 qui,

379 411 563 453 publicatis
587 420 704 442 eorum
729 409 838 446 bonis,
861 409 1000 440 fuerunt
1025 419 1101 440 cum
1125 406 1384 439 successoribus
1408 405 1608 438 forbanniti.

471 517 523 548 82.
549 516 648 558 [180].
674 535 716 539 —
740 515 824 556 [AJd
847 525 946 546 aures
969 513 1143 556 magnifici
1169 512 1299 545 domini
1322 512 1483 545 Ubertini
1508 513 1550 543 de
1575 512 1736 544 Carraria
1766 511 1883 543 sanna¹
1916 511 2085 552 pervenit,
2117 511 2211 553 quod

382 571 583 606 Guilelmus,
606 570 716 601 dictus
740 568 907 602 Analdusv
933 578 1048 599 comes
1072 565 1219 607 Anonie,
1245 566 1302 608 qui
1327 566 1466 607 regibus
1489 565 1648 602 Francie,
1674 565 1810 607 Anglie,
1844 564 1963 597 Sicilie
1995 569 2029 595 et
2060 563 2210 606 impera-

382 625 449 656 tori
483 622 690 665 iungebatur
722 622 859 653 vinculo
892 620 1080 662 parentele,
1110 620 1250 651 rediens
1280 631 1300 650 a
1330 619 1534 650 visitacione
1566 618 1717 659 sepulcri
1743 617 1881 649 Domini
1912 617 2022 648 nostri
2046 616 2210 648 Veneciis
2257 616 2274 648 5

384 676 642 718 expectabatur.
689 675 792 707 Unde
817 674 976 705 dominus
999 673 1198 710 Ubertinus,
1223 682 1291 703 non
1308 677 1498 712 expectans
1522 671 1593 702 eius
1616 671 1814 708 adventum,
1840 671 1972 712 legatos
1997 679 2076 702 suos
2095 669 2192 701 Vene

380 731 452 762 cias
474 730 565 761 misit
590 729 715 760 milites
738 728 898 769 egregios
923 726 1080 757 dominos
1104 725 1297 757 Marsilium
1323 724 1366 756 de
1391 725 1565 763 Carraria,
1589 723 1815 764 Rola[n]dum
1840 724 1882 755 de
1908 724 2040 756 Rubeis
2065 729 2098 755 et
2114 722 2208 754 Hen-

381 784 489 815 ricum
514 784 557 814 de
580 782 699 818 Lucio,
723 781 779 823 qui
805 791 879 812 cum
897 779 1054 821 predicto
1080 779 1219 810 domino
1245 778 1369 810 comite
1394 777 1442 809 ibi
1459 777 1648 808 honorifice
1674 778 1825 813 fuerunt,
1852 783 2037 819 posteaque
2057 775 2214 818 expensis

381 836 488 877 ipsius
512 834 643 866 domini
667 833 827 865 Ubertini
846 832 954 873 ipsum
973 831 1135 863 comitem
1151 841 1269 863 versus
1287 830 1439 862 Paduam
1455 829 1686 865 associarun13
1704 829 1748 860 ad
1765 829 1864 860 cuius
1889 829 2076 860 adventum
2093 838 2212 860 omnes

382 889 536 921 Paduani
560 887 693 919 nobiles
718 892 954 918 occurrerunt.
1002 885 1044 916 Et
1067 885 1147 926 quia
1171 884 1238 915 iam
1264 894 1332 914 nox
1356 890 1439 920 erat,
1465 882 1555 914 cerei
1580 882 1653 913 sine
1678 893 1819 914 numero
1843 892 1906 923 per
1930 882 2044 924 aliqua
2066 881 2214 912 miliaria
2241 881 2278 912 10

382 948 450 973 tam
475 943 542 973 late
567 940 797 977 collucebant‚
822 940 913 981 quod
938 949 1006 970 nox
1024 939 1119 969 clara
1136 937 1210 969 dies
1234 936 1435 979 apparebat.
1483 937 1601 967 Dictus
1626 946 1706 967 vero
1731 945 1848 966 comes
1871 935 1989 967 urbem
2006 935 2137 966 intrans
2153 934 2215 965 mi-

382 1002 478 1027 ratus
501 1001 551 1026 est
575 995 618 1026 de
644 993 878 1036 magnitudine
904 999 938 1023 et
962 992 1197 1033 pulcritudine
1221 990 1346 1032 palacii
1370 989 1498 1022 domini
1524 989 1699 1026 Uberfini,
1724 989 1948 1030 cogitansque
1965 989 2128 1020 honorem
2152 987 2216 1020 sibi

382 1050 573 1090 impensum
598 1055 631 1079 et
654 1053 807 1088 sumptus
831 1046 1069 1086 permaximos,
1095 1044 1268 1075 dominnm
1293 1043 1511 1081 Ubertinum,
1535 1043 1618 1073 licet
1641 1043 1821 1080 infirmum,
1846 1042 1953 1073 voluit
1978 1046 2108 1073 tantum
2132 1040 2213 1072 visi-

384 1107 456 1133 tare
482 1102 663 1142 eidemque
687 1099 802 1131 retulit
826 1106 941 1142 grates
962 1098 1155 1134 immensas,
1173 1096 1239 1128 sibi
1259 1102 1292 1128 et
1307 1096 1475 1127 militibus
1490 1095 1560 1126 suis
1576 1095 1757 1126 servicium
1775 1094 1929 1126 offerens
1952 1101 1987 1126 et
2009 1099 2213 1136 perpetuum

384 1165 545 1191 amorem,
570 1155 729 1194 donaque
754 1152 946 1194 magnilica,
970 1162 1036 1192 que
1062 1150 1219 1182 dominus
1243 1149 1432 1181 Ubertinus
1455 1148 1519 1180 sibi
1543 1147 1737 1190 presentari
1761 1147 1847 1179 fecit
1871 1148 1903 1178 in
1927 1158 2022 1187 auro,
2046 1147 2149 1178 armis
2180 1152 2216 1178 et
2242 1147 2279 1178 15

386 1208 493 1250 equis,
518 1206 640 1244 renuit,
664 1213 781 1247 preter
805 1204 896 1247 quod
921 1205 1006 1236 duos
1029 1203 1238 1245 pulcerimos
1269 1203 1467 1244 palafredos
1498 1202 1636 1242 accepit
1667 1201 1702 1232 in
1726 1201 1859 1243 signum
1893 1201 2028 1238 amoris,
2061 1210 2216 1232 asserens

385 1260 578 1292 dextrarios
601 1269 742 1301 magnos
758 1259 820 1290 sibi
841 1263 1055 1300 presentatos
1071 1257 1237 1288 sustinere
1257 1266 1323 1288 non
1348 1266 1447 1297 posse
1472 1255 1611 1297 longum
1629 1255 1703 1285 iter.
1749 1254 1885 1285 Deinde
1911 1254 1953 1286 de
1978 1253 2098 1285 Padua
2121 1248 2218 1285 rece-

385 1313 482 1350 dens,
514 1312 671 1344 omnibus
695 1312 868 1343 Paduanis
892 1310 1062 1342 nobilibus
1093 1310 1254 1347 sociatus,
1288 1319 1406 1340 versus
1430 1308 1632 1340 Vicenciam
1665 1307 1729 1338 iter
1757 1307 1904 1349 accepit,
1929 1307 2020 1338 unde
2044 1317 2106 1348 per
2130 1306 2217 1337 viam

384 1367 530 1398 Baxiani
553 1368 587 1397 in
612 1365 828 1396 Alemaniam
862 1364 1039 1406 equitavit.
1085 1363 1130 1394 Et
1153 1363 1217 1394 fuit
1242 1363 1308 1393 hoc
1333 1362 1377 1393 de
1402 1371 1519 1393 mense
1544 1360 1750 1398 novembris,
1774 1360 1950 1391 millesimo
1975 1359 2195 1392 CCCXLIII.

475 1472 525 1502 83.
551 1471 651 1511 [ISJ].
678 1489 716 1492 ——
742 1470 954 1511 [M]illesimo
978 1480 1060 1501 vero
1085 1467 1321 1505 CCCXLIIII,
1345 1467 1504 1499 dominus
1521 1466 1711 1499 Ubertinus
1727 1466 1898 1498 comburri
1922 1466 2017 1506 iussit
2041 1466 2217 1498 mulierem
2241 1467 2283 1497 20

386 1537 499 1563 unam,
524 1536 600 1556 cum
625 1524 693 1555 filia
717 1524 796 1566 quia
820 1534 907 1554 unus
930 1521 1104 1554 homicida
1128 1522 1164 1552 in
1195 1532 1311 1552 earum
1336 1521 1545 1552 domuncula
1569 1520 1726 1557 latuerat,
1749 1519 1832 1551 licet
1861 1530 1924 1561 per
1954 1530 2099 1561 parvum
2132 1519 2217 1551 hore

386 1579 553 1621 spacium.
599 1578 643 1609 Et
666 1577 733 1608 fuit
760 1576 826 1608 hoc
853 1577 895 1608 de
920 1586 1036 1608 mense
1060 1575 1216 1606 marcfi'.

477 1686 526 1716 84.
553 1684 653 1725 [l88].
677 1701 720 1706 —
736 1682 895 1725 [E]odem
913 1692 1040 1720 mense,
1057 1681 1255 1725 horiligium
1273 1690 1382 1712 xxuu
1399 1680 1558 1712 horarum
1571 1679 1582 1696 ³
1602 1680 1695 1712 iussu
1711 1685 1745 1711 et
1767 1689 1873 1721 opera
1890 1679 2063 1722 magnifici
2081 1678 2213 1710 domini

386 1738 549 1770 Ubertini
573 1739 617 1770 de
643 1736 804 1768 Carraria
829 1737 974 1778 positum
999 1735 1065 1767 fuit
1088 1735 1125 1766 in
1148 1735 1342 1766 summitate
1368 1734 1480 1775 turris,
1504 1733 1563 1765 ubi
1587 1734 1634 1766 ad
1657 1743 1798 1776 presens
1821 1739 1882 1764 est.

477 1843 528 1875 85.
553 1842 652 1884 [1891.
678 1859 721 1864 —
744 1841 831 1872 Cum
855 1841 959 1873 multa
984 1847 1073 1872 esset
1097 1840 1215 1872 Padue
1240 1839 1484 1872 accusancium
1509 1839 1690 1871 multitudo
1703 1838 1726 1876 ⁴,
1749 1839 1855 1870 semel
1878 1838 2008 1870 accidit
2033 1839 2128 1880 quod
2147 1845 2216 1869 tres
2241 1836 2282 1869 25

387 1902 638 1928 accusaverunt
661 1895 834 1936 quendam
859 1895 1041 1926 Nicolaum
1068 1895 1111 1925 de
1137 1893 1323 1930 Gardffllis,
1349 1893 1444 1934 quod
1469 1892 1573 1923 verba
1597 1891 1763 1923 iniuriosa
1788 1898 1822 1922 et
1843 1891 2025 1923 inhonesta
2056 1891 2218 1932 protulis-

390 1957 441 1981 set
467 1956 587 1980 contra
611 1949 829 1990 magnificum
856 1948 1028 1978 dominum
1054 1947 1259 1978 Ubertinum
1285 1946 1329 1976 de
1353 1945 1524 1982 Carraria,
1549 1945 1620 1987 qui,
1653 1944 1795 1975 veritate
1819 1944 1991 1975 subtiliter
2014 1944 2217 1986 perquisita,

389 2004 519 2034 inventi
544 2003 683 2032 fuerunt
707 2002 794 2032 falso
820 2001 1013 2042 predictum
1040 2010 1231 2031 accusasse.
1269 1999 1320 2030 Ex
1345 2009 1424 2041 quo,
1440 1998 1580 2029 iubente
1597 1997 1735 2029 domino
1753 1997 1933 2034 Ubertino‚
1953 1996 2221 2038 precedentibus

389 2056 661 2087 vociferantibus
685 2054 783 2091 tubis,
808 2065 869 2095 per
893 2054 1050 2094 platheas
1074 2053 1246 2084 ducuntur
1266 2052 1421 2084 coronati
1445 2051 1584 2083 coronis
1607 2051 1834 2088 falsariorum,
1858 2051 1986 2082 deinde
2012 2060 2076 2092 per
2099 2051 2220 2082 civita-

389 2116 456 2141 tem
481 2116 514 2140 et
539 2109 665 2150 burgos
689 2107 852 2143 eiusdem,
878 2107 922 2137 ad
947 2107 1041 2137 cuius
1066 2107 1302 2147 spectaculum
1328 2115 1446 2136 omnes
1470 2104 1702 2136 occurrebant
1726 2104 1902 2135 dominum
1927 2103 2135 2135 Ubertinum
2159 2103 2218 2135 be-
2243 2104 2284 2135 30

390 2163 592 2194 nedicentes
615 2162 649 2192 in
673 2161 800 2192 secula.
845 2159 901 2190 Ad
925 2159 1083 2190 ultimum
1106 2159 1141 2190 in
1164 2160 1309 2190 aliorum
1342 2158 1537 2200 exemplum
1561 2157 1687 2200 linguis
1710 2162 1940 2198 amputantur.
1986 2157 2030 2188 Et
2054 2157 2123 2188 hoc
2154 2157 2220 2188 fuit

392 2217 514 2247 eodem
538 2225 655 2246 mense
681 2214 809 2246 marcii.

482 2324 533 2354 80.
557 2320 659 2363 [1901.
684 2338 723 2343 «-
742 2320 849 2352 Xicus
869 2320 903 2350 in
928 2319 1049 2350 castris
1072 2319 1139 2350 suis
1164 2319 1205 2349 de
1230 2318 1433 2350 Caldinacio
1458 2325 1491 2350 et
1516 2317 1598 2349 alibi
1613 2317 1624 2333 ⁵
1648 2316 1791 2348 multum
1814 2317 2070 2359 inquietabatur
2086 2317 2130 2348 ab
2148 2317 2221 2359 epi-

391 2387 497 2418 scopo
522 2375 681 2407 Tridenti
699 2374 881 2415 fueratque
896 2373 1019 2403 eodem
1044 2382 1132 2403 anno
1153 2372 1196 2402 ad
1212 2372 1416 2402 instanciam
1441 2371 1545 2412 ipsius
1562 2371 1718 2412 episcopi
1742 2380 1803 2411 per
1820 2368 2018 2401 Conradum
2036 2371 2080 2402 de
2105 2370 2222 2402 Sinam

392 2436 427 2461 et
449 2440 510 2471 per
535 2428 816 2470 Hengelmarium
842 2426 884 2458 de
910 2426 1109 2457 Villandres
1133 2432 1251 2456 contra
1275 2425 1383 2466 ipsum
1401 2424 1523 2456 ductus
1539 2423 1721 2455 exercitus.
1768 2423 1819 2454 Ex
1843 2433 1910 2465 quo
1934 2423 2041 2465 ipsius
2065 2423 2224 2465 episcopi
2248 2423 2288 2456 35

391 2483 520 2515 viribus
543 2481 769 2517 insufficiens,
793 2479 926 2520 [Xicus]
952 2478 1105 2510 Paduam
1130 2479 1174 2509 ad
1202 2478 1379 2510 dominum
1403 2477 1610 2509 Ubertinum
1633 2476 1792 2515 accessit,
1815 2487 1836 2507 a
1859 2486 1927 2518 quo
1950 2476 2111 2508 auxilium
2135 2477 2224 2508 obti-

486 2621 506 2637 1.
527 2613 630 2636 Paxius
648 2612 670 2636 S
688 2626 719 2629 —
742 2619 763 2642 5.
783 2611 1009 2642 coniungebatur
1030 2611 1058 2632 in
1081 2610 1103 2633 S
1119 2622 1127 2626 -
1148 2609 1223 2632 dom.
1243 2609 1333 2632 nostri
1354 2608 1415 2631 Iesu
1436 2607 1546 2632 Christi
1567 2607 1589 2631 S
1611 2620 1644 2623 —-
1670 2612 1693 2637 7.
1719 2606 1827 2630 Marsil.
1853 2607 1988 2630 maiorem
2016 2607 2039 2630 S
2061 2620 2092 2624 —
2119 2605 2142 2631 8.
2168 2607 2221 2638 ibi}

395 2657 523 2680 Venetiis
542 2656 564 2679 S
584 2669 613 2672 -
637 2661 674 2677 12.
695 2652 793 2684 cogit.]
813 2652 1078 2685 pcrponderansque
1098 2652 1120 2676 S
1138 2665 1169 2668 —
1192 2658 1231 2682 13.
1253 2650 1430 2681 magnificum
1452 2649 1558 2673 domin.
1581 2650 1602 2673 S
1621 2663 1651 2666 —
1674 2655 1712 2679 14.
1733 2649 1765 2672 de
1785 2649 1891 2672 honore
1910 2649 2010 2672 habito
2030 2649 2129 2672 retulit
2149 2649 2172 2673 S
2189 2662 2221 2666 —

397 2706 435 2730 15.
456 2699 558 2721 fecerat
578 2698 600 2721 S
618 2710 649 2713 —
671 2703 712 2719 20.
732 2695 897 2725 magnificus
918 2695 1025 2719 domin.
1046 2696 1068 2718 S
1084 2707 1116 2711 —
1138 2699 1227 2718 20-21.
1247 2694 1363 2716 cremari
1386 2693 1469 2715 iussit
1491 2691 1620 2714 mulieres
1641 2691 1708 2714 duas
1729 2693 1843 2714 matrem
1864 2693 1890 2714 et
1911 2690 1997 2714 filiam
2017 2690 2041 2715 S
2057 2704 2089 2708 —
2105 2697 2145 2715 21.
2161 2699 2223 2722 par-

396 2740 473 2771 vum]
492 2740 588 2763 brevis
607 2739 630 2763 S
649 2752 679 2755 --
701 2745 740 2768 23.
762 2740 788 2760 ct
809 2745 891 2768 opera
911 2746 960 2760 nm.
980 2736 1003 2761 S
1019 2750 1051 2754 —
1073 2742 1113 2766 27.
1134 2736 1313 2764 Ubertinum,
1332 2734 1379 2757 sed
1401 2735 1519 2757 veritate
1540 2734 1563 2757 S
1580 2747 1611 2750 -—
1631 2740 1674 2763 30.
1695 2733 1726 2756 ad
1748 2741 1865 2763 quorum
1894 2733 1916 2756 S
1941 2745 1951 2751 —
1978 2733 2053 2756 cives
2079 2741 2177 2756 omncs
2203 2733 2226 2758 S

397 2795 407 2800 —
427 2781 606 2813 magnificum
627 2781 733 2804 domin.
754 2780 777 2804 S
795 2794 825 2795 j
847 2786 887 2810 33.
914 2776 1044 2810 inquiet]
1065 2777 1291 2801 insestabaturS
1307 2789 1341 2793 —
1361 2783 1402 2808 35.
1423 2777 1513 2807 ipsum
1534 2776 1633 2799 Xicum
1653 2775 1676 2799 S
1696 2787 1706 2792 -
1728 2774 1828 2806 ipsius]
1849 2775 1958 2798 domini
1981 2775 2003 2799 S
2020 2788 2051 2792 —
2073 2775 2116 2806 36.
2134 2775 2222 2799 Xicus

395 2834 442 2849 om.
464 2826 498 2848 M
515 2825 537 2848 S
553 2835 564 2841 -
584 2823 618 2847 ad
639 2822 818 2854 magnificum
839 2822 985 2845 dominum
1005 2821 1173 2844 Ubertinum
1195 2819 1305 2843 accedit
1325 2819 1347 2843 S
1365 2831 1375 2835 -
1395 2818 1506 2842 obtinet
1527 2818 1550 2842 S

486 2921 493 2936 ¹
514 2920 651 2948 Coimus„
673 2920 812 2949 Chronica,
831 2919 906 2945 VIII,
931 2926 968 2949 13.
1429 2914 1438 2929 ⁴
1460 2915 1595 2943 Cornus,
1619 2914 1756 2944 Chronica,
1776 2913 1850 2944 vm,
1873 2921 1912 2944 14.
2259 2920 2289 2938 10

485 2962 493 2977 ²
515 2964 654 2991 Coimus,
677 2962 815 2990 Chronica,
835 2960 909 2989 V111,
932 2968 972 2992 ¹3·
1427 2956 1437 2972 ⁵
1453 2958 1590 2985 COR-rus.⁷
1603 2957 1740 2985 (,‘l1r0m'ctz‚
1756 2955 1827 2984 vm,
1844 2963 1885 2986 14:
1899 2955 2040 2980 “Eeodem
2056 2964 2140 2987 anno,
2154 2963 2227 2980 men-

485 3005 495 3023 3
514 3003 651 3034 Coit-ius„
675 3004 811 3032 Chronica,
834 3003 906 3032 VIII,
930 3009 968 3033 13.
1341 3000 1392 3023 “se
1413 2999 1516 3028 martii,
1536 2999 1641 3023 Xichus
1662 2999 1692 3023 in
1707 2999 1766 3022 suis
1785 2999 1886 3022 castris
1907 3000 1935 3022 in
1952 2998 2122 3022 Caldenatio
2143 3002 2191 3022 etc.
2204 3015 2228 3029 ,‚.
