2422 3684
461 242 634 278 GESTA
664 241 964 277 MAGNIFICA
992 236 1176 276 DOMUS
1206 239 1601 275 CARRARIENSIS
1930 238 1973 277 7‘)

453 376 594 408 REnAz.
620 375 653 407 A

220 767 295 798 204.
322 787 359 791 —-
384 766 551 808 Levigum
580 764 743 806 oppidum
762 765 863 796 estin
881 765 978 796 collis

133 819 311 850 cuiusdam
334 819 434 860 apice
458 819 690 855 constitutum,
719 819 772 849 cui
791 818 823 848 in
840 818 977 849 modum

132 872 274 914 parvule
306 871 458 903 civitatis
492 881 556 912 per
587 871 769 913 plurimum
806 871 914 911 spacii
944 871 978 902 in

130 925 346 966 longitudine
369 930 404 956 et
426 925 608 956 latitudine
632 930 794 966 porrecta
820 924 901 955 villa
924 936 978 955 su-

131 978 218 1016 best,
242 990 344 1021 quam
372 985 485 1010 tamen
503 984 652 1010 castrum
669 978 778 1019 ipsum
797 979 900 1010 habet
916 979 978 1010 sub

130 1032 212 1073 ictu,
229 1033 375 1073 lapideis
392 1032 549 1063 domibus
563 1038 597 1063 et
610 1032 781 1074 contiguis
796 1031 978 1063 fabricata.

132 1086 233 1118 Hanc
260 1086 378 1117 villam
408 1086 495 1117 vivis
525 1097 544 1116 a
576 1085 730 1116 fontibus
762 1086 979 1117 descendens

131 1151 272 1171 amenus
295 1141 399 1181 irigat
420 1139 551 1170 rivulus
575 1150 753 1181 aquarum,
770 1139 827 1181 qui
845 1140 889 1170 ad
908 1150 979 1170 mo-

130 1192 226 1224 lendi
252 1192 497 1224 comoditatem
521 1198 555 1223 et
580 1198 717 1224 ceteros
741 1192 866 1223 sufficit
889 1203 977 1223 usus.

130 1245 292 1277 Inmensa
325 1246 359 1276 iu
395 1245 546 1276 declivio
582 1246 751 1286 planicies
787 1245 980 1276 effunditur

131 1299 259 1331 fertilis
281 1305 315 1330 et
338 1300 477 1336 decora,
501 1310 567 1342 que
592 1309 661 1330 non
679 1299 790 1330 minus
806 1309 907 1341 quam
922 1310 979 1330 sua

131 1352 284 1384 oblectat
307 1351 504 1389 amenitate,
528 1352 677 1383 cuiusvis
701 1353 840 1394 generis
867 1363 979 1382 rerum

132 1405 279 1436 luxuriat
309 1405 480 1436 ubertate.
526 1405 601 1436 Nec
631 1410 747 1436 tamen
783 1405 892 1441 collis,
923 1405 979 1436 ubi

131 1470 193 1491 arx
224 1459 383 1500 predicta
406 1459 515 1495 sedet,
544 1469 681 1500 prorsus
714 1459 917 1490 conscendit
944 1460 978 1489 iu

132 1518 281 1550 acutum,
306 1523 383 1543 cum
407 1512 516 1543 latere
542 1522 561 1542 a
578 1511 668 1543 trino
684 1512 720 1543 in
736 1512 884 1554 ingentis
900 1523 980 1543 aree

131 1565 285 1606 spacium
310 1565 400 1596 hauc
424 1565 555 1596 telluris
580 1566 676 1606 quasi
701 1565 827 1596 ambiat
852 1565 979 1607 equali-

133 1625 194 1656 tas,
218 1624 383 1659 prerupta
405 1629 489 1659 rupe
515 1618 619 1649 latere
644 1629 663 1648 a
688 1624 819 1659 quarto.
860 1618 981 1649 Iacen-

132 1677 203 1703 tem
227 1672 260 1703 in
286 1673 402 1704 medio
426 1672 564 1703 vallium
590 1683 651 1704 arx
676 1672 787 1703 lacum
818 1673 891 1713 ipsa
921 1673 980 1704 de-

132 1730 277 1766 spectat,
302 1726 346 1757 ad
370 1725 466 1757 cuius
490 1725 585 1756 lacus
605 1735 706 1766 opem
723 1726 766 1756 ab
783 1725 981 1757 intrinsecis

132 1783 304 1818 postremo
329 1778 558 1815 concurritur,
582 1778 640 1810 ubi
673 1778 740 1809 3113
773 1785 886 1811 castro
910 1779 980 1810 suf-

131 1831 247 1873 fragia
270 1831 498 1873 surripiuntur
519 1842 695 1874 aquarum.

223 2140 297 2172 205.
323 2160 364 2166 —
388 2140 523 2173 Ablatis
553 2142 660 2185 igitur
684 2143 844 2184 predicto
868 2149 981 2174 castro

134 2204 198 2235 per
221 2193 395 2225 dominum
420 2195 569 2226 Xichum
595 2201 629 2227 et
652 2206 730 2227 suos
756 2196 882 2228 ceteris
906 2196 982 2227 aliis

135 2259 223 2290 aque
247 2250 374 2287 usibus,
399 2260 528 2281 summa
559 2257 630 2282 arte
659 2252 704 2283 ad
735 2252 981 2283 aufferendum

134 2302 331 2335 intrinsecis
347 2314 435 2345 aque
453 2303 546 2335 lacus
562 2305 750 2336 subsidium
769 2316 860 2336 nunc
873 2306 981 2336 solum

132 2353 292 2386 instatur:
315 2354 453 2386 obstant
469 2355 661 2392 intrinseci,
681 2357 800 2387 foveas
817 2357 850 2386 in
868 2363 982 2388 castro

133 2407 277 2444 faciunt,
302 2408 528 2450 tImentesque
552 2408 753 2440 iminentem
779 2410 874 2441 lacus
907 2421 983 2451 per-

134 2460 307 2492 dicionem
333 2472 414 2492 vasa
439 2467 544 2493 cunta
559 2463 701 2504 implent
717 2474 894 2505 aquarum.
925 2464 982 2495 Sic

135 2514 193 2545 diu
211 2521 245 2546 et
262 2514 322 2546 diu
337 2514 370 2545 iu
389 2515 535 2556 ancipiti
551 2527 570 2547 a
587 2521 684 2557 parte
701 2521 812 2548 statur
827 2523 983 2558 utraque,

135 2566 371 2599 laborantibus
395 2569 598 2600 extrinsecis
622 2569 666 2601 ad
692 2579 779 2611 aque
796 2570 893 2602 lacus
910 2581 981 2602 sur-

133 2621 345 2662 repcionem‚
370 2621 568 2653 intrinsecis
590 2623 635 2653 ad
667 2623 773 2664 ipsius
802 2623 983 2655 intenden—

133 2673 225 2705 tibus
248 2673 437 2706 defensam.
486 2675 557 2707 Sed
580 2685 716 2716 semper
740 2677 882 2714 accidit,
899 2677 983 2709 licet

135 2727 238 2769 vulgo
262 2728 395 2759 feratur
419 2729 538 2769 paucis
555 2729 665 2760 Deum
683 2730 853 2767 assistere,
872 2741 889 2761 3
906 2731 983 2772 plu-

133 2780 228 2812 ribus
259 2787 374 2812 tamen
404 2783 571 2823 superari.
618 2782 808 2815 Crescebat
841 2784 875 2814 in
909 2784 983 2815 dies

135 2833 272 2864 assidua
307 2834 508 2867 extrinsecis
547 2842 753 2867 armatorum
789 2836 982 2875 multitudo,

135 2886 332 2920 intrinsecis
353 2888 577 2922 minuebatur.
617 2889 680 2921 His
703 2889 868 2922 victualia
884 2901 983 2932 supe-

228 3001 267 3019 10.
287 2998 417 3027 porrecto
439 2997 474 3020 M
488 3009 520 3014 --
541 3003 583 3028 ²3·
604 2999 727 3028 quatuor
748 2998 784 3022 M

1047 926 1082 955 10

1048 1188 1083 1219 15

1045 1457 1084 1486 20

1044 1720 1083 1752 25

1045 1979 1084 2009 30

1047 2565 1087 2595 40

1047 2830 1085 2861 45

1459 374 1598 405 ΚΕΒΑΖ.
1622 373 1658 404 D

1134 446 1224 478 delle
1249 452 1347 487 parte
1371 443 1571 488 obtegnudo
1603 454 1684 475 cosa
1715 445 1840 486 alguna
1872 443 1916 476 de
1940 453 1977 475 so

1133 499 1250 531 volere
1275 499 1319 531 da
1345 499 1454 529 l'altra
1478 503 1587 539 parte,
1604 497 1702 539 quilli
1720 498 1762 528 de
1780 498 1882 528 fuora
1899 507 1977 538 per-

1136 552 1217 584 fede
1241 553 1285 583 de
1309 558 1389 584 tuor
1414 551 1547 593 l'acqua
1571 562 1591 581 a
1615 551 1712 592 quilli
1737 551 1875 582 dentro:
1894 550 1978 581 etin

1135 611 1267 647 questo,
1282 615 1381 636 como
1404 605 1440 635 in
1463 604 1498 636 lo
1521 609 1675 635 extremo
1700 604 1757 635 del
1781 613 1818 634 so
1843 603 1980 634 deside-

1136 659 1199 696 rio,
1223 658 1281 690 elli
1304 658 1454 689 afferma
1484 657 1565 700 ogni
1594 667 1763 699 speranca
1786 662 1821 688 et
1847 656 1979 698 rediga.

1226 766 1300 795 204.
1335 782 1376 786 —-
1413 764 1554 806 Levigo,
1587 762 1717 805 acoche
1750 763 1783 794 io
1819 763 1980 794 descriva

1137 817 1217 860 ogni
1242 827 1333 854 cosa,
1357 817 1375 848 6
1400 828 1445 848 1111
1477 815 1620 848 63516110
1645 816 1808 847 mectudo
1833 816 1866 846 in
1893 816 1981 846 eima

1137 871 1181 902 de
1205 882 1250 902 un
1275 870 1378 906 colle,
1394 869 1426 900 al
1442 870 1534 911 qual,
1550 869 1585 900 in
1601 868 1706 900 modo
1724 868 1766 899 de
1783 880 1850 900 una
1867 868 1981 910 picola

1137 924 1215 964 cita,
1239 923 1256 954 ’6
1288 931 1385 955 socto
1417 923 1581 954 mectuda
1603 933 1672 953 una
1695 922 1776 954 villa
1807 933 1869 963 per
1894 922 1979 953 assai

1137 977 1256 1018 spacio
1274 977 1309 1007 in
1324 976 1496 1018 longheca
1511 982 1544 1007 et
1561 975 1734 1018 largheca‚
1751 975 1784 1006 la
1801 976 1880 1016 qual
1898 974 1980 1005 villa

1138 1030 1171 1060 el
1193 1030 1287 1061 dicto
1304 1029 1448 1060 castello
1466 1029 1508 1058 113
1526 1029 1630 1071 pereo
1648 1034 1743 1059 socto
1761 1029 1794 1059 el
1810 1038 1847 1060 so
1865 1028 1978 1068 colpo.

1140 1083 1182 1113 Et
1206 1083 1224 1114 ὲ
1248 1084 1281 1114 13
1306 1083 1402 1114 dicta
1425 1082 1506 1113 villa
1523 1082 1619 1113 facta
1636 1082 1679 1112 de
1697 1091 1776 1113 case
1793 1082 1836 1112 de
1854 1082 1929 1123 pria
1947 1087 1982 1112 et

1136 1146 1265 1177 spesse,
1290 1141 1324 1167 et
1346 1146 1447 1176 passa
1471 1146 1532 1176 per
1564 1135 1596 1166 13
1627 1135 1714 1167 (11113
1746 1136 1829 1167 villa
1852 1146 1898 1166 un
1929 1135 1979 1166 rio

1139 1190 1295 1231 d'acqua,
1319 1190 1384 1220 che
1402 1198 1505 1220 nasce
1519 1189 1563 1219 da
1580 1188 1656 1219 vive
1674 1189 1817 1220 fontane
1835 1195 1868 1219 61
1886 1188 1981 1219 basta

1139 1243 1171 1273 al
1194 1252 1350 1273 masenar
1375 1248 1409 1273 et
1434 1241 1477 1272 ad
1493 1243 1505 1272 i
1521 1241 1600 1272 altri
1624 1241 1677 1272 usi
1695 1241 1853 1283 d’acqua.
1891 1241 1928 1272 In
1948 1242 1980 1272 lo

1139 1297 1240 1327 basso
1263 1295 1318 1336 po'
1343 1295 1436 1326 della
1453 1295 1548 1326 dicta
1564 1294 1646 1325 villa
1666 1293 1684 1324 6
1707 1305 1777 1326 11113
1799 1305 1886 1336 gran
1909 1296 1982 1337 pia-

1139 1360 1224 1380 nura
1241 1348 1457 1380 aboudevole
1476 1354 1510 1380 et
1527 1347 1628 1388 bella,
1645 1348 1678 1379 la
1702 1348 1781 1390 qual
1799 1359 1842 1379 no
1860 1349 1878 1379 6
1902 1360 1982 1380 men

1139 1401 1354 1433 abondevole
1373 1401 1491 1444 d'ogni
1509 1402 1720 1443 generacion
1745 1402 1788 1432 de
1814 1412 1904 1439 cose,
1923 1412 1980 1433 co-

1139 1465 1194 1486 mo
1217 1455 1250 1486 lo
1275 1454 1293 1485 ὲ
1319 1454 1533 1486 (1616616ν616
1562 1466 1582 1486 3
1613 1455 1751 1486 vedere.
1796 1455 1849 1486 Ne
1875 1455 1982 1486 etian-

1140 1510 1197 1540 dio
1222 1509 1253 1540 el
1278 1509 1379 1546 colle,
1405 1509 1435 1539 θ’
1462 1510 1526 1540 6116
1552 1509 1570 1540 ὲ
1596 1509 1752 1540 fondacla
1769 1509 1802 1540 13
1819 1510 1912 1541 (11613
1927 1520 1982 1540 1-0-

1140 1563 1214 1603 cha,
1239 1568 1355 1593 monta
1379 1562 1408 1592 al
1427 1568 1520 1594 tucto
1544 1563 1579 1593 in
1603 1573 1727 1605 aguco,
1751 1563 1980 1604 concosiache

1140 1617 1183 1648 da
1212 1623 1264 1649 tre
1289 1617 1366 1659 face
1390 1617 1441 1648 sia
1471 1618 1574 1659 nauci
1606 1617 1639 1648 la
1671 1617 1768 1648 (11613
1798 1617 1906 1648 rocha
1935 1628 1981 1648 un

1138 1671 1252 1711 pocho
1276 1670 1319 1701 de
1344 1670 1427 1711 piau
1443 1670 1479 1701 in
1496 1671 1672 1713 grandeca
1688 1670 1732 1702 de
1757 1681 1825 1701 una
1847 1672 1980 1713 grande

1139 1735 1214 1759 arag
1246 1723 1337 1754 dalla
1369 1729 1492 1765 quarta
1523 1724 1601 1766 saca
1632 1723 1690 1764 poi
1722 1723 1740 1754 ὲ
1766 1735 1811 1754 un
1835 1724 1982 1765 derupto

1140 1777 1237 1819 quasi
1262 1777 1355 1808 facto
1379 1788 1399 1807 a
1429 1787 1519 1814 man,
1544 1783 1578 1808 et
1601 1783 1698 1809 socto
1729 1777 1809 1818 quel
1835 1779 1981 1819 derupto

1140 1832 1197 1862 nel
1221 1830 1321 1862 basso
1346 1831 1403 1861 del
1427 1841 1510 1861 saxo
1535 1831 1569 1862 in
1600 1840 1698 1873 meco
1731 1831 1823 1862 delle
1848 1831 1937 1862 valle
1963 1831 1981 1862 ὲ

1140 1895 1185 1915 1111
1210 1884 1298 1925 lago,
1322 1882 1379 1914 dal
1403 1883 1484 1925 qual
1501 1884 1581 1925 lago
1598 1884 1607 1913 i
1625 1884 1741 1921 omini,
1758 1885 1823 1915 che
1849 1884 1867 1915 ὲ
1895 1885 1980 1915 den-

1140 1944 1192 1968 tro
1223 1938 1255 1968 13
1285 1937 1483 1968 sovradicta
1506 1937 1622 1979 rocha,
1653 1938 1746 1969 tuole
1777 1937 1810 1968 el
1841 1948 1981 1969 secorso

1140 1990 1324 2032 dell‘aqua‚
1349 1990 1379 2021 o'
1405 1990 1470 2021 che
1495 1990 1540 2021 da
1563 1990 1660 2032 quini
1677 1991 1720 2022 de
1739 1991 1864 2022 fuorai
1887 1991 1980 2022 fosse

1140 2043 1214 2075 10111
1240 2043 1248 2072 1
1273 2043 1387 2074 dextri
1411 2049 1445 2074 et
1471 2043 1554 2074 l’uso
1579 2043 1669 2074 delle
1693 2044 1780 2075 altre
1805 2054 1905 2086 aque.

1228 2139 1303 2172 205.
1326 2158 1371 2164 -—
1392 2140 1484 2172 Tolti
1510 2140 1669 2172 adoncha
1693 2141 1725 2172 al
1744 2142 1904 2183 predicto
1921 2151 1980 2173 ca·

1141 2193 1241 2225 stello
1265 2204 1327 2234 per
1343 2194 1468 2225 mesier
1488 2195 1605 2226 Xicho
1631 2201 1665 2227 et
1688 2195 1775 2236 peri
1801 2195 1851 2227 soi
1869 2195 1952 2227 tucti
1969 2195 1980 2226 i

1141 2248 1217 2278 altri
1241 2248 1292 2278 usi
1316 2246 1393 2278 dele
1419 2259 1517 2289 aque,
1541 2249 1607 2279 mo’
1629 2260 1664 2280 se
1690 2249 1837 2280 actende
1862 2259 1924 2290 per
1949 2249 1981 2280 lo

1141 2299 1234 2331 dicto
1248 2301 1373 2331 mesier
1385 2300 1498 2331 Xicho
1511 2301 1698 2333 solamente
1712 2314 1729 2332 3
1743 2308 1833 2333 torre
1848 2302 1982 2345 l‘acqua

1142 2353 1197 2383 del
1222 2354 1317 2395 lago;
1342 2365 1394 2384 ma
1411 2354 1505 2395 quilii
1523 2355 1645 2386 dentro
1663 2355 1834 2386 contraria
1855 2362 1982 2397 quanto

1142 2406 1151 2436 i
1176 2407 1244 2447 po',
1262 2412 1296 2437 et
1313 2406 1475 2438 temando
1493 2418 1557 2448 pur
1575 2408 1605 2438 el
1623 2409 1807 2440 manifesto
1825 2409 1981 2451 perigolo

1143 2459 1185 2490 de
1212 2460 1340 2501 perdet
1364 2459 1475 2501 l'aqua
1498 2459 1556 2491 del
1580 2461 1669 2503 lngo,
1686 2462 1722 2493 fa
1741 2462 1771 2492 le
1790 2462 1881 2492 fosse
1899 2462 1982 2493 den-

1142 2518 1194 2543 tro
1219 2512 1309 2543 dalla
1333 2513 1448 2553 rocha,
1474 2514 1585 2554 empie
1611 2515 1688 2546 tutti
1713 2515 1723 2545 i
1748 2515 1819 2546 vasi
1845 2515 1981 2556 d'aqua.

1143 2565 1187 2595 Et
1213 2565 1282 2597 cosi
1302 2566 1405 2596 molto
1424 2571 1538 2607 tempo
1564 2577 1599 2597 se
1624 2573 1676 2598 sta
1699 2568 1734 2599 in
1752 2568 1868 2605 dubio,
1891 2568 1982 2599 affa-

1143 2618 1334 2659 digandose
1371 2619 1466 2660 quilli
1499 2619 1542 2650 de
1570 2620 1672 2651 fuora
1696 2621 1739 2652 ad
1764 2621 1861 2652 volet·
1884 2627 1982 2652 tuore

1143 2672 1253 2712 l'aqua
1278 2672 1320 2702 de
1346 2680 1466 2713 questo
1499 2672 1576 2714 lago
1608 2680 1642 2705 et
1673 2674 1769 2715 quilli
1802 2674 1926 2706 dentro
1964 2685 1984 2705 a

1143 2724 1373 2756 deffendarla.
1411 2724 1471 2755 Ma
1488 2726 1519 2756 el
1535 2726 1662 2758 advien
1678 2738 1822 2768 sempre‚
1848 2728 1982 2759 benche

1143 2777 1163 2807 ’l
1188 2788 1223 2808 se
1250 2777 1330 2819 diga
1354 2778 1418 2809 che
1441 2778 1506 2809 Dio
1529 2779 1599 2810 aidi
1627 2780 1636 2810 i
1663 2780 1776 2821 pochi,
1802 2781 1866 2812 che
1891 2782 1983 2822 puri

1142 2830 1200 2872 piu
1225 2841 1365 2873 avence.
1412 2832 1518 2863 Tutto
1543 2833 1575 2864 el
1599 2833 1634 2864 di
1658 2844 1677 2865 a
1702 2834 1797 2876 quilli
1822 2835 1864 2865 de
1882 2835 1983 2865 fuora

1142 2893 1282 2916 crescea
1308 2883 1452 2926 brigade
1478 2891 1511 2916 et
1536 2896 1556 2916 a
1583 2886 1679 2929 quilli
1712 2887 1836 2920 dentro
1868 2887 1983 2930 vignia
