2422 3684
469 223 514 257 bs]
845 222 1016 258 GESTA
1045 221 1348 258 MAGNIFICA
1379 223 1564 259 DOMUS
1593 225 1980 262 CARRARIENSIS

778 355 917 389 REDAz.
943 355 977 387 A

547 428 618 459 190.
644 445 684 449 —
708 427 804 465 Item,
827 428 863 459 in
886 427 960 469 ipso
986 427 1151 459 conflictu
1168 427 1297 459 domini

454 480 628 522 Fregnani
653 491 716 522 per
739 481 868 513 Canem
891 482 969 512 dela
985 480 1088 512 Scala
1106 491 1183 512 cum
1203 481 1297 512 auxi-

454 533 500 565 lio
524 533 792 575 magnificorum
819 534 1039 565 dominorum
1063 534 1108 565 de
1135 534 1297 566 Carraria

453 592 574 626 captus
596 585 661 617 fuit
686 587 844 618 dominus
871 587 1044 619 Feltrinus
1070 597 1145 617 cum
1170 586 1245 618 filio
1263 592 1297 618 et

452 639 527 670 aliis
549 639 703 681 pluribus
735 641 778 672 de
811 640 999 683 Goncaga¹
1034 647 1068 672 et
1098 640 1296 671 Mantuanis

451 693 660 734 quingentis,
685 693 741 735 qui
766 703 882 724 omnes
906 694 939 724 in
965 693 1164 725 carceribus
1180 693 1296 724 inedia

451 746 631 786 perissent,
668 747 729 778 nisi
768 753 861 778 tante
901 747 1078 778 severitati
1113 747 1293 789 magnifici

452 799 581 831 domini
605 800 649 831 de
673 801 832 832 Carraria
857 800 1018 841 operibus
1040 800 1108 831 suis
1131 807 1164 831 et
1182 801 1294 842 preci-

451 852 514 883 bus
543 853 750 885 obviassent.

543 1058 613 1089 191.
639 1076 679 1080 —
711 1057 795 1089 Orto
827 1063 861 1089 et
894 1058 994 1089 etiarn
1026 1058 1107 1090 odio
1132 1058 1292 1099 predicta

449 1121 551 1142 causa
574 1111 663 1141 inter
686 1111 985 1142 Aldrevandinurn
1010 1118 1180 1142 estensem
1204 1122 1292 1142 mar-

449 1165 608 1195 chionem
642 1164 868 1206 dominosque
900 1165 944 1196 de
973 1164 1161 1207 Goncaga²
1195 1170 1290 1205 parte

448 1228 491 1248 ex
515 1228 582 1248 una
606 1224 640 1249 et
664 1218 794 1250 Canem
819 1218 897 1250 dela
921 1217 1025 1249 Scala
1049 1224 1147 1259 parte
1177 1229 1218 1249 ex
1243 1218 1290 1249 al-

446 1277 530 1309 tera,
554 1273 748 1303 interventu
773 1273 902 1304 domini
931 1273 1030 1303 ducis
1055 1271 1289 1303 Veneciarum

446 1330 480 1354 et
494 1325 708 1356 dominorum
728 1325 770 1355 (le
788 1326 960 1361 Carraria,
978 1325 1110 1356 domini
1127 1325 1170 1356 de
1190 1326 1290 1356 Man-

446 1383 504 1409 tua
529 1379 705 1419 ceterique
731 1378 910 1410 Mantuani
934 1389 953 1408 a
977 1378 1175 1410 carceribus
1206 1379 1289 1410 libe·

446 1437 572 1461 rantur.
622 1431 664 1462 Iit
700 1431 755 1461 die
791 1431 901 1472 primo
932 1433 1106 1472 sequentis
1143 1431 1221 1461 maii
1253 1432 1289 1462 in

445 1484 681 1525 Montagnana
725 1490 962 1515 convenerunt
997 1484 1288 1523 Aldrevandinus,

444 1537 599 1568 marchio
624 1539 778 1575 estensis,
803 1536 929 1578 [Canis]
955 1537 1033 1568 dela
1058 1538 1171 1575 Scala,
1196 1538 1288 1568 inter

443 1600 528 1631 quos
552 1601 656 1631 opera
683 1591 861 1633 magnifici
886 1591 1014 1621 domini
1039 1591 1216 1621 Francisci
1243 1591 1286 1622 de

441 1643 601 1675 Carraria
619 1654 685 1684 pax
702 1644 861 1674 firmatur
877 1643 969 1674 omni
993 1644 1110 1674 cordis
1127 1644 1284 1684 deposito

441 1706 601 1736 rancore,
639 1697 774 1738 fuitque
809 1696 855 1727 ibi
895 1696 1105 1727 celebratum
1141 1698 1284 1728 solenne

442 1749 633 1790 prandium,
658 1750 694 1780 in
719 1760 786 1792 quo
811 1750 908 1781 simul
934 1751 979 1781 ad
1002 1760 1151 1780 mensam
1184 1751 1285 1782 sede-

441 1811 520 1833 runt
544 1803 673 1833 domini
691 1803 844 1834 marchio
863 1803 1155 1840 Aldrevandinus,
1180 1802 1285 1835 Canis

442 1856 519 1886 dela
535 1855 637 1887 Scala
652 1862 685 1887 et
699 1856 907 1888 Franciscus
920 1857 963 1887 de
977 1855 1150 1887 Carraria.
1180 1856 1284 1888 Dein-

442 1908 486 1940 de
510 1909 565 1940 alii
591 1919 709 1940 omnes
733 1910 822 1940 ultra
846 1909 940 1940 mille
965 1910 1170 1951 quingentos
1192 1911 1284 1941 ordl-

441 1969 519 1993 nate
547 1963 710 1994 sederunt
742 1963 875 2004 fuitque
908 1962 956 1994 ibi
987 1973 1099 1994 rerum
1131 1964 1281 1994 omnium

441 2016 543 2058 copia
566 2017 788 2058 permaxima.

532 2223 601 2254 192.
637 2241 674 2244 —
709 2223 841 2253 Eodem
873 2223 1066 2260 millesimo,
1096 2225 1138 2254 de
1164 2234 1279 2255 mense

438 2275 531 2312 maii,
555 2274 611 2306 die
637 2275 724 2307 iovis
749 2285 807 2312 xv,
832 2275 990 2307 dominus
1015 2276 1164 2307 Mannus
1182 2277 1279 2308 miles

439 2329 483 2360 de
508 2328 652 2359 Donatis
669 2334 702 2359 et
720 2328 952 2360 Nascimbene
969 2331 1012 2360 de
1031 2330 1182 2371 Grompo
1201 2342 1277 2361 cum

438 2381 550 2422 copiis
574 2388 780 2412 armatorum
805 2383 957 2423 equitum
975 2388 1008 2414 et
1025 2383 1178 2423 peditum
1196 2383 1277 2414 Val-

437 2435 636 2476 lesuganam
662 2435 903 2477 equitaverunt
926 2436 1087 2476 iussuque
1121 2436 1277 2468 domino-

436 2499 511 2518 rum
536 2489 578 2519 de
602 2486 762 2519 Carraria
794 2488 958 2529 Levigum
992 2489 1278 2527 fortificaverunt,

437 2539 617 2572 Percinem
651 2547 685 2572 et
718 2541 1036 2579 Rochambrunam,
1071 2542 1278 2584 munitisque

437 2593 538 2625 dictis
561 2594 648 2625 locis
674 2594 834 2635 gentibus
864 2595 1042 2636 armigeris
1073 2595 1277 2637 cunctisque

436 2647 640 2679 necessariis
664 2646 815 2678 Paduam
849 2659 925 2679 cum
950 2649 1060 2689 copiis
1089 2647 1275 2680 redierunt.

527 2798 596 2830 193.
621 2815 665 2821 —
686 2797 780 2828 Ortis
804 2798 947 2829 dissidio
973 2804 1008 2830 et
1029 2808 1151 2840 guerra
1182 2798 1275 2830 inter

435 2851 619 2883 Ianuenses
643 2858 742 2892 parte
773 2862 816 2882 ex
845 2863 912 2882 una
944 2857 978 2883 et
1008 2851 1131 2884 ducale
1160 2852 1273 2884 Vene-

526 2981 532 2997 ¹
554 2982 686 3014 CORTUS„
711 2983 849 3012 Chronica,
869 2982 903 3014 X,
926 2989 966 3008 10.

1360 846 1400 876 10

1360 1163 1396 1194 15

1355 1431 1396 1460 20

1351 1694 1390 1725 25

1347 1962 1388 1993 30

1344 2280 1383 2311 35

1342 2547 1383 2577 40

1338 2861 1378 2894 45

1774 359 1916 392 ΚΕΒΑΖ.
1939 359 1976 392 D

1549 429 1618 461 190.
1631 447 1675 453 —-
1690 428 1828 462 Ancora
1843 430 1935 462 nella
1951 430 2118 463 sconficta
2131 431 2186 463 del
2199 430 2294 464 dicto

1457 481 1579 512 mesier
1602 482 1784 525 Fregnam,
1808 484 1904 515 facta
1920 493 1983 525 per
1999 483 2122 515 mesier
2138 482 2212 515 Can
2229 494 2295 516 con

1455 533 1601 566 l'alturio
1634 536 1712 568 dele
1743 543 1847 578 gente
1883 536 1917 568 di
1953 536 2127 579 magnifici
2162 537 2295 579 signOri

1455 587 1606 618 Iacomin
1632 595 1665 620 et
1687 589 1882 621 Francesco
1907 591 1952 621 da
1965 590 2123 626 Carrara‚
2140 590 2176 621 fo
2193 600 2294 631 preso

1454 640 1576 671 mesier
1599 641 1732 674 Feltria
1750 652 1815 674 con
1832 653 1878 674 un
1901 653 1939 674 so
1964 643 2044 674 fiolo
2070 649 2104 673 et
2128 643 2205 674 altri
2220 644 2295 684 plu—

1453 692 1520 724 sori
1545 693 1637 725 della
1662 694 1727 726 cha
1749 695 1794 726 da
1819 695 1986 738 Gonzaga
2009 701 2043 726 et
2060 695 2138 726 altri
2153 696 2294 737 cinque-

1455 752 1556 777 cento
1573 746 1761 786 Mantuani,
1785 748 1796 779 i
1820 748 1914 790 quali
1938 758 2059 780 serave
2082 748 2180 780 morti
2199 748 2292 780 dalla

1454 799 1545 830 fame
1574 800 1610 830 in
1642 801 1759 841 prisun
1790 812 1810 832 a
1841 801 1994 839 Verona,
2017 811 2053 832 se
2083 801 2093 831 i
2119 801 2293 844 magnifici

1453 851 1583 894 signori
1606 853 1650 884 da
1673 853 1821 885 Carrara
1843 864 1908 885 con
1933 854 1964 885 le
1987 864 2024 885 so
2049 854 2234 895 preghiere
2259 860 2293 886 et

1453 915 1535 937 ovre
1560 917 1604 937 no
1628 906 1771 939 havesse
1797 907 1948 939 obviado
1972 908 2017 939 ad
2049 913 2144 939 tanta
2168 908 2292 940 crude-

1453 959 1569 991 litade.

1546 1057 1615 1088 191.
1646 1075 1690 1080 —
1717 1056 1846 1090 Siando
1875 1058 2032 1090 etiandio
2056 1069 2119 1099 per
2142 1059 2176 1090 la
2200 1059 2292 1091 dicta

1452 1119 1556 1141 cason
1581 1111 1728 1142 nassudo
1753 1112 1833 1143 odio
1857 1112 1948 1143 intro
1974 1112 2005 1143 el
2028 1111 2207 1144 marchese
2230 1111 2291 1142 Al-

1453 1162 1643 1194 drovandin
1669 1169 1703 1195 et
1725 1164 1735 1194 i
1759 1164 1888 1206 signori
1914 1165 1957 1195 da
1982 1165 2146 1206 Gonzaga
2163 1165 2208 1196 da
2224 1175 2291 1196 una

1451 1222 1550 1257 parte
1582 1222 1617 1247 et
1647 1216 1720 1248 Can
1751 1217 1842 1248 dalla
1873 1216 1976 1249 Scala
2007 1218 2050 1249 da
2073 1217 2197 1254 l’altra,
2229 1228 2292 1259 per

1450 1269 1696 1310 interposicion
1712 1271 1755 1301 de
1773 1271 1896 1302 mesier
1920 1272 1951 1302 10
1971 1272 2054 1302 duse
2072 1272 2115 1302 de
2138 1271 2291 1302 Venesia

1451 1327 1486 1354 et
1509 1322 1543 1353 di
1567 1322 1738 1365 magnifici
1760 1323 1890 1365 signori
1915 1323 2071 1355 Iacomin
2088 1330 2122 1355 et
2139 1325 2289 1355 France-

1450 1385 1509 1406 sco
1534 1375 1579 1406 da
1605 1375 1751 1407 Carrara
1780 1376 1792 1407 i
1821 1377 1950 1418 signori
1983 1377 2026 1407 da
2058 1377 2223 1419 Goncaga
2255 1382 2290 1408 et

1451 1428 1527 1459 tutti
1550 1428 1561 1458 i
1585 1428 1661 1459 altri
1680 1428 1857 1460 Mantuani
1881 1430 1918 1461 fo
1944 1429 2089 1461 liberadi
2109 1430 2202 1461 dalle
2217 1429 2288 1471 pri-

1449 1491 1511 1512 son
1536 1482 1578 1513 de
1602 1481 1753 1513 Verona.
1800 1482 1844 1514 Et
1873 1482 1942 1524 po’,
1965 1483 1997 1513 el
2021 1483 2055 1514 (11
2087 1483 2196 1524 primo
2229 1482 2288 1514 del

1447 1542 1612 1575 seguente
1636 1545 1744 1578 maco,
1761 1545 1797 1567 se
1815 1545 1971 1567 convene
1996 1536 2029 1566 in
2050 1536 2288 1577 Montagnana

1448 1587 1700 1626 Aldrovandim
1714 1588 1890 1620 marchese
1907 1589 1951 1620 de
1969 1589 2041 1625 Est,
2058 1595 2091 1620 et
2103 1588 2177 1620 Can
2193 1588 2288 1620 dalla

1447 1641 1561 1678 Scala,
1583 1643 1675 1673 intro
1697 1641 1709 1672 i
1734 1642 1824 1683 quali
1849 1653 1912 1683 per
1936 1653 2019 1673 ovra
2043 1642 2099 1673 del
2124 1642 2285 1682 predicto

1446 1694 1628 1736 magnifico
1645 1695 1839 1726 Franeesco
1857 1694 1902 1726 da
1914 1695 2061 1726 Carrara
2079 1695 2115 1726 fo
2131 1693 2287 1726 fermad'a

1446 1747 1479 1778 13
1502 1757 1582 1789 pase
1607 1754 1640 1779 et
1663 1748 1744 1790 ogni
1778 1758 1922 1780 rancore
1948 1755 1981 1779 et
2013 1749 2093 1779 odio
2116 1747 2204 1780 tolto
2228 1748 2286 1779 via

1445 1807 1478 1833 et
1495 1802 1518 1833 li
1536 1803 1572 1834 fo
1589 1802 1684 1833 facto
1700 1812 1746 1833 un
1762 1802 1915 1834 solemne
1933 1802 2081 1839 (limare,
2100 1802 2135 1833 in
2154 1802 2186 1833 lo
2202 1802 2283 1844 qual

1444 1856 1481 1886 fo
1495 1855 1665 1887 insembre
1680 1866 1700 1886 a
1715 1866 1833 1887 mensa
1849 1855 2108 1887 Aldrovrandin
2125 1856 2284 1888 marche-

1443 1919 1489 1946 se,
1506 1908 1579 1941 Can
1596 1908 1688 1940 dalla
1703 1907 1816 1946 Scala,
1834 1908 1865 1940 el
1883 1909 2066 1951 magnifico
2085 1909 2280 1941 Francesco

1443 1962 1487 1994 da
1510 1960 1669 2000 Carrara,
1692 1961 1748 2004 po’
1771 1961 1855 1993 tucti
1880 1961 1888 1991 i
1913 1962 1990 1992 altri
2014 1972 2076 2003 per
2100 1961 2138 1998 si,
2162 1963 2195 1994 31
2219 1973 2281 1994 nu-

1443 2025 1537 2046 mero
1560 2015 1648 2047 oltra
1671 2015 1763 2046 mille
1795 2015 2035 2057 cinquecento.
2081 2015 2125 2046 Et
2156 2016 2193 2046 fo
2224 2015 2281 2047 nel

1441 2069 1536 2100 dicto
1559 2068 1695 2100 disnare
1714 2069 1758 2100 de
1782 2073 1878 2099 tucte
1900 2067 1932 2099 le
1956 2078 2037 2100 cose
2061 2068 2282 2100 abundancia

1441 2121 1679 2165 grandissima,

1531 2225 1602 2256 192.
1621 2242 1660 2246 —
1679 2224 1745 2255 Nel
1763 2224 1856 2255 dicto
1870 2224 2060 2261 millesimo,
2073 2233 2141 2255 uno
2156 2223 2279 2267 cuoba,

1439 2277 1474 2308 di
1490 2277 1658 2319 quiudese
1676 2277 1719 2308 de
1737 2287 1844 2319 maco,
1870 2277 1900 2308 el
1919 2277 2116 2308 chavaliero
2138 2277 2279 2319 egregio

1439 2330 1562 2361 mesier
1576 2329 1704 2362 Manno
1716 2330 1864 2368 Donato,
1879 2330 2083 2361 Nassimben
2097 2329 2142 2361 da
2155 2329 2278 2361 Grom-

1439 2392 1483 2424 po
1508 2393 1574 2414 con
1598 2383 1729 2424 grande
1753 2382 1973 2414 moltitudine
1997 2384 2039 2414 de
2064 2388 2166 2424 gente
2190 2382 2279 2414 d’ar-

1439 2446 1491 2467 me
1516 2445 1535 2467 e
1567 2436 1610 2467 de
1641 2436 1770 2476 peduni
1801 2435 1968 2467 eavalchb
2000 2437 2035 2467 in
2067 2435 2276 2478 Valsugana.

1438 2489 1482 2520 Et
1504 2489 1597 2530 peri
1630 2489 1799 2530 magnifici
1831 2489 1957 2531 signori
1990 2490 2035 2520 da
2064 2489 2214 2521 Carrara
2237 2490 2274 2521 fo

1436 2541 1564 2573 infornl
1587 2542 1730 2583 Levigo,
1756 2542 1869 2579 selva,
1899 2542 2050 2583 Percene
2081 2553 2099 2573 e
2134 2541 2273 2574 Rocha-

1436 2595 1554 2633 bruna,
1579 2601 1613 2627 et
1637 2596 1703 2636 po’,
1728 2595 1860 2626 fornidi
1887 2595 1983 2637 quilli
2000 2595 2093 2637 luogi
2111 2595 2154 2626 de
2169 2601 2274 2637 gente

1434 2655 1469 2680 et
1491 2649 1534 2680 de
1566 2649 1647 2690 ogni
1679 2648 1763 2679 altra
1795 2659 1875 2680 cosa
1905 2649 2109 2686 necessaria,
2141 2658 2207 2679 con
2239 2649 2272 2679 le

1435 2701 1526 2733 dicte
1549 2707 1652 2744 gente
1675 2710 1711 2731 se
1735 2711 1778 2731 ne
1802 2701 1903 2732 torno
1928 2712 1947 2732 a
1971 2700 2074 2732 Pava.

1525 2799 1595 2829 193.
1620 2815 1664 2820 —
1690 2798 1818 2829 Siando
1851 2798 2002 2840 vignuda
2033 2799 2065 2829 la
2097 2797 2272 2829 discordia

1435 2858 1468 2883 et
1492 2851 1523 2882 la
1547 2861 1673 2894 guerra
1696 2852 1786 2883 intro
1811 2851 1842 2882 el
1863 2861 1985 2883 comun
2011 2851 2054 2883 de
2078 2851 2197 2896 (jenoa
2227 2849 2272 2882 da

1463 2979 1472 2994 ¹
1495 2980 1628 3010 Comus„
1652 2980 1788 3012 Chronica,
1810 2980 1844 3011 X,
1864 2987 1904 3007 10.
