2422 3684
443 392 584 424 REnAz.
610 390 640 422 A

123 464 330 502 Bemaboui,
353 464 503 496 deficere
528 473 594 494 non
618 468 759 503 possent
782 461 964 503 magnifico

122 518 261 550 domino
284 517 416 556 Padue‚
440 517 523 558 quin
539 516 572 547 ei
595 515 818 557 spiritualiter
833 521 964 555 tempo-

122 572 309 614 raliterque
329 570 538 602 suvenirent.
584 569 629 600 Et
652 568 744 610 quod
769 568 834 599 hec
852 567 966 609 potius

122 625 187 657 sibi
212 632 381 667 tamquam
400 624 511 656 amico
527 623 720 666 significare
739 623 967 654 decreverant

124 690 226 721 quam
258 678 406 710 tacendo
437 679 586 721 aliquem
618 678 748 708 nutrire
773 685 965 714 rancorem,

123 742 228 774 seque
252 732 453 763 cordialiter
475 732 564 762 scire
590 731 731 767 debere,
756 729 862 772 quod,
886 728 912 758 si
931 727 966 758 id

123 786 255 816 factum
281 785 323 816 de
347 795 408 816 sua
433 784 647 816 conscientia
663 789 724 824 est,
742 792 809 814 non
826 781 871 812 ad
887 791 964 822 par-

123 848 200 868 vatn
223 838 382 869 iniuriam
404 847 441 868 se
466 844 625 879 reputare
651 842 686 868 et
709 846 775 878 que
793 835 836 866 de
848 844 965 865 eorum

124 891 291 922 memoria
315 901 383 922 non
414 891 539 932 poterit
569 890 723 921 faciliter
753 888 896 925 aboleri,
932 892 966 918 et

125 944 218 985 quod
235 955 354 985 parum
373 943 583 987 cogitacioni
599 949 676 975 sunt
691 942 757 974 sibi
772 940 965 972 huiusmodi

124 997 225 1028 mine.
273 997 387 1038 Super
409 1007 489 1038 quo,
518 997 602 1038 quid
634 996 789 1027 marchio
822 994 967 1026 Venetis

123 1051 361 1091 responderet,
386 1051 606 1093 magnificum
631 1049 804 1081 dominum
824 1047 968 1079 Franci-

125 1114 219 1134 scum
243 1103 285 1134 de
310 1103 468 1135 Carraria
492 1114 552 1135 suo
584 1103 795 1145 epigramate
824 1101 964 1143 requisi-

125 1157 182 1193 vit,
200 1166 470 1198 responsumque
483 1156 675 1188 marchioni
692 1167 754 1197 per
769 1155 967 1197 predictum

124 1210 299 1241 dominum
323 1210 545 1241 Franciscum
570 1216 632 1246 est,
658 1209 770 1241 videri
793 1209 857 1240 sibi
874 1209 967 1251 quod

124 1262 277 1294 marchio
294 1262 368 1302 ipse
386 1261 678 1298 reverencialiter,
695 1271 763 1291 non
780 1267 966 1302 propterea

124 1315 339 1347 discedendo
363 1326 382 1345 a
405 1321 519 1346 mente
533 1315 711 1354 dictorum,
728 1313 812 1354 ipsis
827 1324 970 1355 respon-

125 1370 233 1401 deret.
281 1368 372 1399 Ante
404 1373 518 1400 tamen
559 1368 679 1399 harum
713 1378 776 1408 per
815 1367 969 1398 Venetos

124 1422 322 1454 missionem
347 1421 545 1452 lieterarum
569 1421 643 1462 ipse
672 1420 880 1462 magnificus
911 1421 970 1451 do-

125 1477 236 1507 minus
271 1476 345 1517 regi
377 1475 554 1517 Hungarie
589 1475 791 1516 significare
827 1474 968 1509 curavit,

126 1540 191 1571 que
215 1539 276 1570 per
299 1528 455 1560 Venetos
477 1539 559 1560 ansa
583 1528 746 1570 dictaque
770 1528 920 1563 fuerant,
937 1532 970 1558 et

127 1582 210 1624 quid
234 1592 338 1623 super
362 1582 429 1612 hoc
454 1582 608 1613 facturus
632 1581 675 1612 sit
698 1581 829 1622 regiam
845 1590 972 1621 expec-

126 1641 202 1667 tans
218 1635 486 1675 responsionem.
515 1634 584 1672 Qui
602 1634 759 1665 dominus
771 1644 842 1670 rex,
861 1634 972 1675 prius-

127 1698 228 1729 quam
262 1688 401 1719 Iicteras
431 1688 620 1729 recepisset
654 1687 760 1728 ipsius
791 1687 970 1729 magnifici

127 1740 271 1779 domini,
296 1741 412 1772 audita
436 1741 597 1772 novitatis
619 1741 762 1772 materia
787 1752 804 1772 a
828 1741 970 1771 domino

127 1794 281 1825 Iohanne
305 1794 350 1825 de
375 1794 495 1825 Surdis
518 1794 561 1825 de
586 1793 782 1830 placencia,
805 1794 971 1834 episcopo

127 1847 291 1884 vaciensi,
317 1847 376 1889 qui
401 1847 443 1878 de
468 1847 563 1878 curia
588 1846 748 1879 veniebat
779 1853 813 1878 et
844 1847 970 1878 abhinc

128 1901 230 1941 plene
258 1900 462 1931 informatus
493 1899 729 1932 revertebatur
765 1901 809 1932 ad
840 1910 970 1942 regem,

129 1963 230 1994 quem
246 1954 422 1985 dominum
439 1954 627 1985 Iohannem
643 1954 716 1994 ipse
735 1954 894 1985 dominus
908 1963 971 1985 rex

130 2007 304 2038 Venecias
328 2017 404 2038 cum
429 2007 501 2037 miti
524 2007 606 2038 satis
625 2007 805 2049 legacione
829 2007 971 2044 remisit,

131 2061 218 2092 adeo
244 2061 338 2101 quod
370 2060 492 2092 Veneti
526 2062 589 2092 rati
621 2067 700 2092 sunt
723 2071 793 2093 non
817 2062 929 2102 ipsum
953 2072 971 2091 a

130 2124 213 2156 rege
237 2119 288 2144 set
303 2114 442 2145 aliunde
461 2114 706 2151 transmissum,
723 2125 763 2146 eo
781 2115 873 2156 quod
890 2115 971 2145 hinc

131 2168 212 2197 inde
247 2167 346 2209 regia
381 2178 443 2208 pro
479 2174 576 2209 parte
615 2168 707 2209 cepit
746 2170 972 2200 concordium

130 2220 226 2255 inire,
259 2221 472 2260 persuadens
506 2221 570 2262 ipsi
602 2221 786 2263 magnifico
822 2222 972 2258 domino,

132 2279 167 2304 ut
190 2273 239 2304 sic
256 2283 364 2316 usque
382 2273 507 2304 festum
531 2275 641 2306 sancti
658 2274 842 2306 Michaelis
867 2275 974 2306 vellet

132 2326 350 2367 pertransire,
374 2327 535 2368 quoniam
562 2334 643 2359 tunc
668 2339 729 2360 rex
753 2329 910 2360 facturus
937 2338 973 2359 se

133 2385 254 2410 contra
277 2378 432 2411 Venetos
462 2381 634 2422 magnalia
666 2381 871 2413 minabatur.
920 2381 974 2412 Ex

132 2442 200 2474 qua
223 2432 330 2464 celeri
354 2433 514 2465 missione
539 2433 728 2476 legacionis
753 2435 877 2466 civium
903 2435 974 2467 ani-

133 2485 188 2523 mi,
212 2485 270 2527 qui
301 2496 369 2517 non
393 2487 564 2518 modicum
591 2488 700 2528 primo
733 2488 890 2527 titubant,
915 2499 975 2529 spe

134 2539 244 2570 erecti
257 2544 353 2570 tanta
366 2545 456 2577 sunt,
469 2546 505 2571 ut
518 2540 630 2581 palam
646 2542 869 2583 loquerentur
881 2542 975 2573 nullo

135 2592 236 2623 modo
262 2591 350 2623 velle
369 2593 412 2624 de
430 2593 558 2625 iuribus
575 2595 728 2625 comunis
746 2595 864 2627 Padue
883 2597 978 2638 quic-

135 2656 235 2687 quam
262 2645 402 2676 Venetis
426 2646 594 2678 exhiberi.
639 2647 762 2680 Preses
779 2654 893 2680 autem
918 2659 978 2690 pa-

135 2705 241 2735 tavus,
266 2708 379 2740 quem,
404 2709 459 2730 res
482 2705 519 2730 ut
543 2706 626 2737 erat,
654 2711 720 2732 non
742 2702 881 2741 latebat,
900 2703 979 2733 hor-

135 2752 270 2783 tabatur
294 2752 446 2789 eosdem,
464 2759 500 2783 ut
517 2753 687 2796 Virgilius
703 2755 760 2792 ait,
779 2766 874 2796 spem
894 2755 978 2786 mul-

136 2812 204 2836 tum
240 2805 414 2841 simulans,
449 2812 499 2837 set
533 2817 693 2847 premens
730 2809 833 2839 altum
869 2810 977 2840 corde

136 2858 302 2889 dolorem.
339 2857 607 2901 Significataque
625 2861 805 2903 legacione
822 2863 918 2903 regia
935 2863 977 2893 de

225 2979 268 3002 39.
288 2972 448 3002 legaviones
473 2974 502 2995 :ll
525 2986 548 2988 —
573 2972 614 3004 46.
636 2974 725 2997 multu
747 2976 783 2997 M

1035 881 1071 911 10

1038 1147 1071 1176 15

1036 1688 1075 1719 25

1035 1954 1076 1984 30

1037 2221 1076 2250 :35

1041 2484 1080 2513 40

1044 2746 1081 2776 45

1448 385 1584 418 REDAZ.
1610 386 1646 418 D

1126 460 1191 491 che
1210 460 1300 491 fosse
1327 459 1522 491 confidente
1542 459 1631 492 delle
1650 465 1760 500 parte,
1784 458 1912 501 perche
1936 459 1968 490 el

1127 513 1222 544 voler
1247 513 1301 544 far
1323 512 1526 544 altramente
1552 524 1610 543 era
1634 524 1677 544 un
1704 513 1819 554 palese
1845 514 1969 555 ligarse

1126 576 1191 597 con
1222 566 1253 596 lo
1286 566 1442 597 heretico
1474 566 1599 596 mesier
1630 566 1800 602 Bernabo,
1832 566 1890 597 elli
1924 576 1967 596 no

1126 629 1255 660 porave
1278 619 1443 650 manchar
1465 619 1498 650 al
1530 619 1688 660 predicto
1720 620 1901 661 magnifico
1925 621 1969 650 si-

1126 683 1213 716 gnor
1236 673 1361 704 mesier
1377 674 1584 709 Francesco,
1601 673 1666 704 che
1687 673 1744 703 elli
1762 684 1805 704 no
1822 683 1863 714 ge
1881 674 1970 704 sovi-

1126 726 1239 769 gnisse
1264 726 1420 767 spiritual
1446 732 1479 757 et
1502 726 1797 767 temporalmente.
1846 726 1887 757 Et
1905 726 1969 757 che

1127 779 1223 821 quilli
1248 779 1291 809 da
1317 779 1458 810 Vinesia
1482 779 1593 811 havea
1617 779 1811 810 determina
1844 780 1886 810 de
1909 791 1969 811 vo-

1128 833 1221 874 lerge
1246 833 1304 873 piu
1329 838 1418 863 tosto
1442 832 1497 863 far
1527 843 1627 864 saver
1657 837 1791 874 questo,
1824 833 1889 863 cha
1921 839 1971 863 ta-

1127 886 1234 917 sundo
1258 886 1413 927 nutrigar
1436 886 1557 916 dentro
1583 885 1639 916 dal
1664 896 1700 917 so
1733 896 1837 916 cuore
1867 886 1970 928 algun

1127 939 1308 975 ranchore‚
1321 945 1353 969 et
1366 939 1430 970 che
1443 939 1690 970 cordialmente
1702 940 1733 970 el
1744 939 1845 970 debia
1858 949 1971 976 saver,

1129 994 1204 1030 che,
1229 1002 1264 1022 se
1290 992 1405 1033 quello
1430 992 1447 1023 ‘e
1480 1002 1643 1033 processo
1667 993 1710 1023 de
1735 1003 1794 1024 soa
1819 992 1971 1029 volontin

1128 1046 1184 1076 elli
1208 1056 1252 1076 uo
1276 1056 1312 1076 se
1338 1046 1359 1076 'l
1381 1051 1439 1077 ten
1463 1056 1480 1076 a
1500 1045 1613 1087 picola.
1634 1046 1776 1088 incuria,
1793 1052 1827 1076 et
1844 1047 1909 1077 che
1928 1048 1971 1078 de

1128 1099 1255 1140 leciero
1286 1109 1330 1130 no
1363 1099 1447 1140 pora
1478 1109 1570 1130 esser
1602 1099 1758 1130 cancella
1789 1099 1881 1130 della
1913 1110 1972 1130 soa

1129 1152 1304 1189 memoria,
1327 1158 1361 1183 et
1385 1152 1449 1183 che
1474 1152 1531 1183 elli
1555 1153 1667 1184 hanno
1683 1153 1798 1194 pocho
1815 1153 1972 1194 pensiero

1130 1207 1173 1236 cle
1198 1205 1225 1236 si
1253 1206 1344 1236 facte
1377 1216 1529 1248 menace.
1576 1204 1687 1236 Sovra
1718 1207 1749 1238 le
1782 1207 1859 1249 qual
1892 1217 1971 1238 cose

1129 1260 1160 1290 el
1178 1258 1355 1290 marchese
1373 1259 1502 1300 scripse
1519 1261 1548 1290 al
1566 1260 1684 1301 signer
1700 1271 1764 1301 per
1780 1271 1837 1291 soa
1855 1261 1972 1298 leterii,

1131 1322 1228 1342 como
1253 1312 1320 1343 ello
1346 1313 1455 1343 dovea
1480 1315 1670 1354 responder
1693 1324 1712 1344 a
1731 1314 1827 1355 quilli
1844 1314 1888 1345 da
1905 1314 1974 1345 Ve-

1131 1367 1235 1397 nesia.
1282 1365 1348 1396 Per
1373 1366 1404 1397 lo
1430 1367 1509 1409 qual
1533 1368 1716 1409 magnifico
1733 1368 1850 1410 signer
1867 1369 1902 1399 fo
1920 1378 1974 1398 re-

1129 1425 1244 1460 sposto
1261 1420 1293 1450 al
1306 1419 1398 1450 dicto
1415 1420 1604 1457 marchese,
1621 1420 1685 1451 che
1705 1433 1721 1451 a
1744 1421 1787 1451 lui
1806 1431 1972 1462 parerave

1131 1473 1195 1503 che
1213 1473 1280 1504 ello
1296 1483 1339 1515 ge
1356 1473 1582 1514 respondesse
1602 1481 1912 1512 rovemmemenle,
1928 1485 1973 1506 no

1132 1526 1235 1568 pereo
1259 1525 1467 1567 partandose
1492 1526 1583 1556 dalla
1607 1527 1803 1558 substancia
1827 1527 1871 1558 de
1894 1527 1973 1569 quel

1131 1578 1195 1609 che
1220 1579 1330 1620 prima
1354 1589 1412 1609 era
1435 1584 1487 1609 sta
1511 1579 1614 1611 dicto.
1661 1580 1780 1611 Havea
1812 1581 1916 1622 perci>
1942 1581 1972 1611 el

1131 1631 1313 1674 magnifico
1338 1633 1455 1674 signor
1478 1633 1601 1663 mesier
1619 1634 1814 1664 Francesco
1833 1633 1875 1664 da
1892 1633 1975 1665 Car-

1132 1696 1220 1723 rara,
1245 1686 1346 1725 nauci
1373 1685 1435 1716 che
1460 1697 1522 1726 per
1539 1687 1633 1728 quilli
1652 1687 1695 1717 da
1713 1687 1863 1718 Venesia
1880 1688 1972 1718 fosse

1131 1740 1260 1780 scripto
1286 1740 1316 1770 al
1348 1740 1537 1776 marchese,
1567 1739 1695 1781 scripto
1728 1741 1773 1771 lui
1806 1741 1838 1770 al
1869 1752 1904 1771 re
1931 1740 1974 1771 de

1134 1792 1309 1835 Hongaria
1332 1793 1448 1834 quello
1473 1793 1538 1824 che
1562 1804 1623 1834 per
1647 1794 1657 1823 i
1683 1793 1900 1825 Venecianii
1918 1804 1976 1824 era

1132 1847 1229 1877 stacio
1253 1843 1427 1878 innovado
1453 1851 1487 1877 et
1514 1847 1595 1888 qual
1628 1854 1780 1888 resposta
1805 1848 1835 1878 ie
1861 1857 1975 1888 parea,

1133 1899 1196 1931 che
1223 1899 1242 1930 ’1
1268 1900 1412 1931 dovesse
1437 1900 1502 1938 far,
1519 1906 1553 1931 et
1571 1900 1634 1931 che
1653 1911 1753 1931 sovra
1770 1907 1890 1942 questo
1909 1900 1974 1932 ello

1132 1959 1315 1993 aspectava
1339 1963 1397 1984 soa
1421 1959 1587 1994 resposta.
1634 1954 1674 1984 El
1700 1954 1779 1995 qual
1804 1955 1925 1985 mesier
1942 1953 1975 1984 10

1132 2017 1179 2043 re,
1203 2006 1313 2047 prima
1346 2007 1411 2037 che
1445 2006 1465 2035 'l
1498 2017 1676 2038 recevesse
1710 2007 1741 2038 le
1767 2008 1894 2038 lectere
1921 2007 1976 2038 del

1131 2060 1225 2090 dicto
1249 2060 1430 2100 magnifico
1453 2060 1600 2102 signore,
1624 2060 1752 2091 audida
1777 2061 1809 2092 la
1836 2060 1977 2091 materia

1133 2113 1223 2144 della
1248 2113 1364 2144 novitii
1386 2124 1448 2155 per
1464 2112 1606 2156 Cuanne
1631 2113 1665 2144 di
1690 2112 1803 2150 Sordi,
1828 2124 1976 2145 vescovo

1133 2168 1175 2198 de
1202 2166 1321 2202 Vacia,
1346 2166 1378 2197 el
1402 2167 1481 2208 qual
1508 2167 1621 2208 vignia
1648 2167 1737 2198 dalla
1766 2168 1872 2199 Corte
1904 2167 1975 2198 Ro-

1132 2230 1231 2250 mana
1257 2225 1290 2250 et
1313 2219 1434 2250 rivarlo
1458 2230 1478 2250 a
1504 2220 1596 2251 Pava
1620 2220 1728 2250 havea
1744 2220 1881 2251 sentido
1897 2220 1978 2262 ogni

1134 2283 1223 2304 cosa.
1270 2272 1338 2304 Per
1363 2273 1394 2303 lo
1420 2273 1507 2304 ditto
1531 2283 1567 2304 re
1591 2283 1690 2304 sovra
1715 2278 1833 2315 questo
1858 2273 1894 2304 fo
1925 2284 1978 2303 re-

1135 2325 1303 2358 mandacio
1329 2337 1347 2356 a
1371 2325 1513 2357 Vinesia
1537 2336 1601 2357 con
1620 2327 1810 2358 ambaxada
1826 2325 1912 2357 assa'
1932 2327 1977 2357 le-

1134 2380 1239 2423 ciera,
1264 2386 1298 2411 et
1322 2390 1430 2411 venne
1457 2381 1481 2411 si
1507 2386 1606 2417 tosto,
1632 2382 1696 2411 che
1720 2381 1816 2422 quilli
1841 2380 1884 2411 da
1910 2380 1979 2411 Ve-

1135 2435 1230 2465 nesiu
1254 2434 1285 2464 el
1309 2434 1416 2474 penso
1441 2444 1484 2463 no
1511 2443 1603 2464 esser
1626 2434 1778 2476 vignudo
1807 2433 1852 2464 da
1882 2433 1976 2464 Hon-

1136 2488 1243 2528 ἕξει-13,
1268 2498 1319 2517 ma
1345 2485 1516 2517 mandacio
1540 2487 1584 2518 de
1606 2487 1691 2518 altro
1716 2487 1830 2528 luogo,
1850 2486 1977 2527 perche

1137 2540 1180 2571 cla
1205 2541 1296 2570 l⁷una
1321 2546 1354 2570 et
1378 2540 1422 2570 da
1450 2539 1560 2570 l'altra
1585 2547 1681 2580 parte
1706 2541 1737 2571 el
1763 2539 1929 2581 comenco
1960 2550 1978 2569 a

1136 2599 1264 2624 tractat
1280 2592 1456 2628 (siwordo,
1480 2592 1720 2633 persuadendo
1745 2593 1775 2623 al
1800 2592 1893 2623 dicto
1910 2603 1980 2622 ma-

1136 2646 1263 2688 gnifico
1288 2645 1402 2687 signos
1427 2646 1490 2676 che
1516 2646 1559 2676 fin
1582 2646 1637 2676 ala
1660 2646 1748 2677 festa
1764 2646 1917 2687 proxima
1935 2646 1978 2676 cle

1137 2710 1196 2730 san
1228 2698 1389 2729 Michiele
1424 2699 1555 2729 volesse
1587 2706 1657 2729 star
1689 2699 1772 2736 cosi,
1803 2698 1934 2740 perch'e
1960 2708 1979 2728 a

1138 2752 1217 2793 quel
1240 2759 1353 2791 tempo
1378 2751 1408 2781 el
1437 2761 1472 2782 re
1503 2752 1622 2782 farave
1647 2762 1731 2793 gran
1758 2761 1835 2782 cose
1860 2757 1979 2782 contra

1138 2805 1235 2846 quilli
1258 2806 1300 2836 (la
1326 2804 1475 2835 Vinesia.
1526 2805 1643 2836 lr‘erla
1673 2805 1751 2846 qual
1783 2804 1979 2836 ambaxaria

1138 2858 1193 2889 del
1219 2869 1254 2888 re
1280 2857 1349 2888 cosi
1372 2856 1483 2888 subito
1511 2858 1680 2888 manduda
1706 2858 1714 2887 i
1741 2858 1840 2888 animi
1874 2858 1906 2889 di
1932 2857 1980 2888 ci-

1227 2981 1250 2998 2.
1279 2975 1430 2997 annitente
1463 2976 1486 2997 l’
1514 2988 1544 2991 —-
1572 2983 1595 3005 ο.
1623 2976 1706 2998 musto
1735 2976 1795 2998 PE
1821 2990 1851 2993 —
1881 2974 1919 2998 16.
1946 2975 1978 2998 de
