<?xml version="1.0" encoding="UTF-8"?>
<!DOCTYPE html PUBLIC "-//W3C//DTD XHTML 1.0 Transitional//EN"
    "http://www.w3.org/TR/xhtml1/DTD/xhtml1-transitional.dtd">
<html xmlns="http://www.w3.org/1999/xhtml" xml:lang="en" lang="en">
 <head>
  <title>
</title>
<meta http-equiv="Content-Type" content="text/html;charset=utf-8" />
  <meta name='ocr-system' content='tesseract 3.04.00' />
  <meta name='ocr-capabilities' content='ocr_page ocr_carea ocr_par ocr_line ocrx_word'/>
</head>
<body>
  <div class='ocr_page' id='page_1' title='image "./p1f11rerumitalica17murauoft_0190.png"; bbox 0 0 2422 3684; ppageno 0'>
   <div class='ocr_carea' id='block_1_1' title="bbox 419 426 1264 735">
    <p class='ocr_par' dir='ltr' id='par_1_1' title="bbox 419 426 1264 735">
     <span class='ocr_line' id='line_1_1' title="bbox 420 426 1262 469; baseline -0.001 -10"><span class='ocrx_word' id='word_1_1' title='bbox 420 439 499 459; x_wconf 89' lang='lat' dir='ltr'>num</span> <span class='ocrx_word' id='word_1_2' title='bbox 526 427 772 469; x_wconf 80' lang='lat' dir='ltr'>Fra[n]ciscum</span> <span class='ocrx_word' id='word_1_3' title='bbox 796 427 839 457; x_wconf 91' lang='lat' dir='ltr'>de</span> <span class='ocrx_word' id='word_1_4' title='bbox 867 426 1027 459; x_wconf 85' lang='lat' dir='ltr'>Carraria</span> <span class='ocrx_word' id='word_1_5' title='bbox 1042 426 1077 457; x_wconf 90' lang='lat' dir='ltr'>in</span> <span class='ocrx_word' id='word_1_6' title='bbox 1094 427 1262 466; x_wconf 85' lang='lat' dir='ltr'><strong>domibus,</strong></span> 
     </span>
     <span class='ocr_line' id='line_1_2' title="bbox 421 480 1263 523; baseline 0.001 -12"><span class='ocrx_word' id='word_1_7' title='bbox 421 491 487 523; x_wconf 85' lang='lat' dir='ltr'>qne</span> <span class='ocrx_word' id='word_1_8' title='bbox 517 481 689 522; x_wconf 88' lang='lat' dir='ltr'>quondam</span> <span class='ocrx_word' id='word_1_9' title='bbox 720 480 859 512; x_wconf 82' lang='lat' dir='ltr'>fuerunt</span> <span class='ocrx_word' id='word_1_10' title='bbox 884 480 1151 522; x_wconf 78' lang='lat' dir='ltr'>pellipariorum,</span> <span class='ocrx_word' id='word_1_11' title='bbox 1182 490 1263 512; x_wconf 89' lang='lat' dir='ltr'>con-</span> 
     </span>
     <span class='ocr_line' id='line_1_3' title="bbox 420 534 1263 576; baseline -0.002 -10"><span class='ocrx_word' id='word_1_12' title='bbox 420 541 549 566; x_wconf 85' lang='lat' dir='ltr'>structa</span> <span class='ocrx_word' id='word_1_13' title='bbox 574 534 639 566; x_wconf 85' lang='lat' dir='ltr'>fuit</span> <span class='ocrx_word' id='word_1_14' title='bbox 662 534 784 566; x_wconf 85' lang='lat' dir='ltr'>domus</span> <span class='ocrx_word' id='word_1_15' title='bbox 807 534 1003 576; x_wconf 74' lang='lat' dir='ltr'>collegiata,</span> <span class='ocrx_word' id='word_1_16' title='bbox 1026 534 1062 565; x_wconf 88' lang='lat' dir='ltr'>in</span> <span class='ocrx_word' id='word_1_17' title='bbox 1079 534 1263 575; x_wconf 69' lang='lat' dir='ltr'>qualegali</span> 
     </span>
     <span class='ocr_line' id='line_1_4' title="bbox 419 587 1264 628; baseline -0.002 -8"><span class='ocrx_word' id='word_1_18' title='bbox 419 589 615 620; x_wconf 68' lang='lat' dir='ltr'>insistentes</span> <span class='ocrx_word' id='word_1_19' title='bbox 638 588 751 620; x_wconf 83' lang='lat' dir='ltr'>studio</span> <span class='ocrx_word' id='word_1_20' title='bbox 769 588 919 619; x_wconf 80' lang='lat' dir='ltr'>scolares</span> <span class='ocrx_word' id='word_1_21' title='bbox 935 587 1118 619; x_wconf 81' lang='lat' dir='ltr'>duodecim</span> <span class='ocrx_word' id='word_1_22' title='bbox 1135 597 1264 628; x_wconf 88' lang='lat' dir='ltr'>paupe-</span> 
     </span>
     <span class='ocr_line' id='line_1_5' title="bbox 420 639 1263 682; baseline 0 -11"><span class='ocrx_word' id='word_1_23' title='bbox 420 652 476 673; x_wconf 84' lang='lat' dir='ltr'>res</span> <span class='ocrx_word' id='word_1_24' title='bbox 489 641 740 678; x_wconf 72' lang='lat' dir='ltr'>educabantur,</span> <span class='ocrx_word' id='word_1_25' title='bbox 756 652 856 682; x_wconf 87' lang='lat' dir='ltr'>quam</span> <span class='ocrx_word' id='word_1_26' title='bbox 874 651 936 682; x_wconf 92' lang='lat' dir='ltr'>pro</span> <span class='ocrx_word' id='word_1_27' title='bbox 953 639 1145 671; x_wconf 85' lang='lat' dir='ltr'>huiusmodi</span> <span class='ocrx_word' id='word_1_28' title='bbox 1163 649 1263 681; x_wconf 89' lang='lat' dir='ltr'>opor-</span> 
     </span>
     <span class='ocr_line' id='line_1_6' title="bbox 419 693 1078 735; baseline 0 -10"><span class='ocrx_word' id='word_1_29' title='bbox 419 694 510 725; x_wconf 85' lang='lat' dir='ltr'>tunis</span> <span class='ocrx_word' id='word_1_30' title='bbox 534 695 702 726; x_wconf 84' lang='lat' dir='ltr'>alimoniis</span> <span class='ocrx_word' id='word_1_31' title='bbox 727 695 908 735; x_wconf 90' lang='lat' dir='ltr'>opiporum</span> <span class='ocrx_word' id='word_1_32' title='bbox 935 693 1078 725; x_wconf 85' lang='lat' dir='ltr'>dotavit.</span> 
     </span>
    </p>
   </div>
   <div class='ocr_carea' id='block_1_2' title="bbox 421 800 1272 2111">
    <p class='ocr_par' dir='ltr' id='par_1_2' title="bbox 421 800 1272 2111">
     <span class='ocr_line' id='line_1_7' title="bbox 510 800 1264 842; baseline -0.003 -9"><span class='ocrx_word' id='word_1_33' title='bbox 510 802 582 833; x_wconf 81' lang='lat'>245.</span> <span class='ocrx_word' id='word_1_34' title='bbox 611 821 645 824; x_wconf 89' lang='lat'><strong>—</strong></span> <span class='ocrx_word' id='word_1_35' title='bbox 675 802 881 833; x_wconf 76' lang='lat' dir='ltr'>Intendente</span> <span class='ocrx_word' id='word_1_36' title='bbox 899 800 941 832; x_wconf 85' lang='lat' dir='ltr'>ad</span> <span class='ocrx_word' id='word_1_37' title='bbox 956 811 1089 841; x_wconf 80' lang='lat' dir='ltr'>pacem,</span> <span class='ocrx_word' id='word_1_38' title='bbox 1106 806 1143 832; x_wconf 88' lang='lat' dir='ltr'>ut</span> <span class='ocrx_word' id='word_1_39' title='bbox 1157 800 1264 842; x_wconf 89' lang='lat' dir='ltr'>scrip-</span> 
     </span>
     <span class='ocr_line' id='line_1_8' title="bbox 422 853 1264 895; baseline -0.004 -8"><span class='ocrx_word' id='word_1_40' title='bbox 422 862 491 887; x_wconf 87' lang='lat' dir='ltr'>tum</span> <span class='ocrx_word' id='word_1_41' title='bbox 511 862 572 891; x_wconf 85' lang='lat' dir='ltr'>est,</span> <span class='ocrx_word' id='word_1_42' title='bbox 588 856 726 887; x_wconf 87' lang='lat' dir='ltr'>domino</span> <span class='ocrx_word' id='word_1_43' title='bbox 740 854 944 885; x_wconf 84' lang='lat' dir='ltr'>Bernabone</span> <span class='ocrx_word' id='word_1_44' title='bbox 962 853 1071 895; x_wconf 80' lang='lat' dir='ltr'>magis</span> <span class='ocrx_word' id='word_1_45' title='bbox 1085 864 1183 895; x_wconf 89' lang='lat' dir='ltr'>quam</span> <span class='ocrx_word' id='word_1_46' title='bbox 1198 854 1264 884; x_wconf 88' lang='lat' dir='ltr'>uti-</span> 
     </span>
     <span class='ocr_line' id='line_1_9' title="bbox 423 906 1266 948; baseline -0.002 -9"><span class='ocrx_word' id='word_1_47' title='bbox 423 910 486 940; x_wconf 91' lang='lat' dir='ltr'>lem</span> <span class='ocrx_word' id='word_1_48' title='bbox 505 909 567 939; x_wconf 85' lang='lat' dir='ltr'>sibi</span> <span class='ocrx_word' id='word_1_49' title='bbox 587 908 849 943; x_wconf 77' lang='lat' dir='ltr'>neccessariam,</span> <span class='ocrx_word' id='word_1_50' title='bbox 864 913 932 937; x_wconf 83' lang='lat' dir='ltr'>tum</span> <span class='ocrx_word' id='word_1_51' title='bbox 946 913 1087 948; x_wconf 90' lang='lat' dir='ltr'>propter</span> <span class='ocrx_word' id='word_1_52' title='bbox 1100 906 1266 938; x_wconf 77' lang='lat' dir='ltr'>sollicitu-</span> 
     </span>
     <span class='ocr_line' id='line_1_10' title="bbox 423 959 1264 1003; baseline -0.002 -11"><span class='ocrx_word' id='word_1_53' title='bbox 423 962 522 993; x_wconf 83' lang='lat' dir='ltr'>dines</span> <span class='ocrx_word' id='word_1_54' title='bbox 545 973 607 1003; x_wconf 84' lang='lat' dir='ltr'>per</span> <span class='ocrx_word' id='word_1_55' title='bbox 630 961 822 992; x_wconf 82' lang='lat' dir='ltr'>Ecclesiam</span> <span class='ocrx_word' id='word_1_56' title='bbox 848 966 881 990; x_wconf 89' lang='lat' dir='ltr'>et</span> <span class='ocrx_word' id='word_1_57' title='bbox 899 959 1129 1002; x_wconf 71' lang='lat' dir='ltr'>colligatosin</span> <span class='ocrx_word' id='word_1_58' title='bbox 1148 970 1264 1000; x_wconf 88' lang='lat' dir='ltr'>prose-</span> 
     </span>
     <span class='ocr_line' id='line_1_11' title="bbox 422 1013 1265 1056; baseline 0 -11"><span class='ocrx_word' id='word_1_59' title='bbox 422 1015 560 1056; x_wconf 81' lang='lat' dir='ltr'>quendo</span> <span class='ocrx_word' id='word_1_60' title='bbox 585 1015 676 1045; x_wconf 89' lang='lat' dir='ltr'>bello</span> <span class='ocrx_word' id='word_1_61' title='bbox 695 1013 876 1049; x_wconf 75' lang='lat' dir='ltr'>adhibitas,</span> <span class='ocrx_word' id='word_1_62' title='bbox 894 1019 962 1044; x_wconf 82' lang='lat' dir='ltr'>tum</span> <span class='ocrx_word' id='word_1_63' title='bbox 987 1013 1097 1044; x_wconf 88' lang='lat' dir='ltr'>eciam</span> <span class='ocrx_word' id='word_1_64' title='bbox 1122 1020 1265 1055; x_wconf 87' lang='lat' dir='ltr'>propter</span> 
     </span>
     <span class='ocr_line' id='line_1_12' title="bbox 421 1066 1265 1098; baseline 0 0"><span class='ocrx_word' id='word_1_65' title='bbox 421 1068 644 1098; x_wconf 74' lang='lat' dir='ltr'>adhesionem</span> <span class='ocrx_word' id='word_1_66' title='bbox 663 1067 929 1098; x_wconf 80' lang='lat' dir='ltr'>Mantuanorum</span> <span class='ocrx_word' id='word_1_67' title='bbox 943 1066 1100 1098; x_wconf 88' lang='lat' dir='ltr'>Ecclesie</span> <span class='ocrx_word' id='word_1_68' title='bbox 1118 1073 1151 1098; x_wconf 89' lang='lat' dir='ltr'>et</span> <span class='ocrx_word' id='word_1_69' title='bbox 1169 1067 1265 1098; x_wconf 89' lang='lat' dir='ltr'>colli-</span> 
     </span>
     <span class='ocr_line' id='line_1_13' title="bbox 423 1119 1266 1162; baseline 0 -11"><span class='ocrx_word' id='word_1_70' title='bbox 423 1121 520 1162; x_wconf 66' lang='lat' dir='ltr'>gatis,</span> <span class='ocrx_word' id='word_1_71' title='bbox 544 1121 634 1151; x_wconf 86' lang='lat' dir='ltr'>unde</span> <span class='ocrx_word' id='word_1_72' title='bbox 652 1119 811 1151; x_wconf 83' lang='lat' dir='ltr'>dominus</span> <span class='ocrx_word' id='word_1_73' title='bbox 826 1120 898 1159; x_wconf 87' lang='lat' dir='ltr'>ipse</span> <span class='ocrx_word' id='word_1_74' title='bbox 916 1119 1094 1151; x_wconf 73' lang='lat' dir='ltr'>Bernabos</span> <span class='ocrx_word' id='word_1_75' title='bbox 1111 1130 1177 1150; x_wconf 88' lang='lat' dir='ltr'>non</span> <span class='ocrx_word' id='word_1_76' title='bbox 1195 1131 1266 1151; x_wconf 91' lang='lat' dir='ltr'>mo-</span> 
     </span>
     <span class='ocr_line' id='line_1_14' title="bbox 423 1172 1266 1213; baseline -0.001 -9"><span class='ocrx_word' id='word_1_77' title='bbox 423 1174 537 1205; x_wconf 86' lang='lat' dir='ltr'>dicum</span> <span class='ocrx_word' id='word_1_78' title='bbox 553 1172 735 1208; x_wconf 73' lang='lat' dir='ltr'>hesitabat,</span> <span class='ocrx_word' id='word_1_79' title='bbox 750 1183 825 1202; x_wconf 79' lang='lat' dir='ltr'>cum</span> <span class='ocrx_word' id='word_1_80' title='bbox 841 1173 885 1203; x_wconf 89' lang='lat' dir='ltr'>ad</span> <span class='ocrx_word' id='word_1_81' title='bbox 900 1173 1128 1213; x_wconf 81' lang='lat' dir='ltr'>precipicium</span> <span class='ocrx_word' id='word_1_82' title='bbox 1145 1173 1266 1204; x_wconf 84' lang='lat' dir='ltr'>tende-</span> 
     </span>
     <span class='ocr_line' id='line_1_15' title="bbox 424 1225 1267 1267; baseline -0.001 -9"><span class='ocrx_word' id='word_1_83' title='bbox 424 1238 459 1258; x_wconf 91' lang='lat' dir='ltr'>re</span> <span class='ocrx_word' id='word_1_84' title='bbox 473 1227 606 1258; x_wconf 80' lang='lat' dir='ltr'>videret</span> <span class='ocrx_word' id='word_1_85' title='bbox 620 1232 739 1257; x_wconf 72' lang='lat' dir='ltr'>statum</span> <span class='ocrx_word' id='word_1_86' title='bbox 755 1236 862 1263; x_wconf 88' lang='lat' dir='ltr'>suum,</span> <span class='ocrx_word' id='word_1_87' title='bbox 873 1225 1134 1267; x_wconf 80' lang='lat' dir='ltr'>destinatisque,</span> <span class='ocrx_word' id='word_1_88' title='bbox 1148 1232 1184 1257; x_wconf 91' lang='lat' dir='ltr'>ut</span> <span class='ocrx_word' id='word_1_89' title='bbox 1196 1232 1267 1257; x_wconf 89' lang='lat' dir='ltr'>tac-</span> 
     </span>
     <span class='ocr_line' id='line_1_16' title="bbox 423 1279 1265 1321; baseline -0.001 -11"><span class='ocrx_word' id='word_1_90' title='bbox 423 1287 493 1310; x_wconf 81' lang='lat' dir='ltr'>tum</span> <span class='ocrx_word' id='word_1_91' title='bbox 510 1285 570 1315; x_wconf 81' lang='lat' dir='ltr'>est,</span> <span class='ocrx_word' id='word_1_92' title='bbox 586 1290 648 1320; x_wconf 84' lang='lat' dir='ltr'>per</span> <span class='ocrx_word' id='word_1_93' title='bbox 664 1279 857 1310; x_wconf 81' lang='lat' dir='ltr'>Ecclesiam</span> <span class='ocrx_word' id='word_1_94' title='bbox 873 1285 906 1310; x_wconf 88' lang='lat' dir='ltr'>et</span> <span class='ocrx_word' id='word_1_95' title='bbox 923 1279 1103 1321; x_wconf 75' lang='lat' dir='ltr'>colligatos</span> <span class='ocrx_word' id='word_1_96' title='bbox 1120 1285 1153 1310; x_wconf 86' lang='lat' dir='ltr'>et</span> <span class='ocrx_word' id='word_1_97' title='bbox 1165 1279 1265 1310; x_wconf 85' lang='lat' dir='ltr'>etiam</span> 
     </span>
     <span class='ocr_line' id='line_1_17' title="bbox 424 1332 1265 1373; baseline -0.001 -10"><span class='ocrx_word' id='word_1_98' title='bbox 424 1334 598 1364; x_wconf 89' lang='lat' dir='ltr'>dominum</span> <span class='ocrx_word' id='word_1_99' title='bbox 631 1332 869 1363; x_wconf 81' lang='lat' dir='ltr'>Bernabonem</span> <span class='ocrx_word' id='word_1_100' title='bbox 901 1332 1036 1363; x_wconf 83' lang='lat' dir='ltr'>nunciis</span> <span class='ocrx_word' id='word_1_101' title='bbox 1068 1332 1111 1364; x_wconf 83' lang='lat' dir='ltr'>ad</span> <span class='ocrx_word' id='word_1_102' title='bbox 1141 1343 1265 1373; x_wconf 85' lang='lat' dir='ltr'>papam</span> 
     </span>
     <span class='ocr_line' id='line_1_18' title="bbox 424 1385 1267 1426; baseline 0 -10"><span class='ocrx_word' id='word_1_103' title='bbox 424 1392 571 1417; x_wconf 82' lang='lat' dir='ltr'>tractatu</span> <span class='ocrx_word' id='word_1_104' title='bbox 588 1386 684 1426; x_wconf 83' lang='lat' dir='ltr'>pacis</span> <span class='ocrx_word' id='word_1_105' title='bbox 701 1385 872 1424; x_wconf 77' lang='lat' dir='ltr'>habendo,</span> <span class='ocrx_word' id='word_1_106' title='bbox 885 1385 954 1421; x_wconf 86' lang='lat' dir='ltr'>ubi,</span> <span class='ocrx_word' id='word_1_107' title='bbox 967 1391 1044 1425; x_wconf 85' lang='lat' dir='ltr'>post</span> <span class='ocrx_word' id='word_1_108' title='bbox 1058 1386 1180 1417; x_wconf 86' lang='lat' dir='ltr'>multas</span> <span class='ocrx_word' id='word_1_109' title='bbox 1191 1396 1267 1416; x_wconf 88' lang='lat' dir='ltr'>ver-</span> 
     </span>
     <span class='ocr_line' id='line_1_19' title="bbox 427 1438 1265 1480; baseline 0.001 -11"><span class='ocrx_word' id='word_1_110' title='bbox 427 1445 544 1470; x_wconf 78' lang='lat' dir='ltr'>borum</span> <span class='ocrx_word' id='word_1_111' title='bbox 570 1440 732 1479; x_wconf 67' lang='lat' dir='ltr'>ambages</span> <span class='ocrx_word' id='word_1_112' title='bbox 757 1444 791 1469; x_wconf 79' lang='lat' dir='ltr'>et</span> <span class='ocrx_word' id='word_1_113' title='bbox 814 1439 899 1469; x_wconf 80' lang='lat' dir='ltr'>ficta</span> <span class='ocrx_word' id='word_1_114' title='bbox 915 1438 1058 1479; x_wconf 86' lang='lat' dir='ltr'>plurima</span> <span class='ocrx_word' id='word_1_115' title='bbox 1081 1449 1144 1480; x_wconf 83' lang='lat' dir='ltr'>pro</span> <span class='ocrx_word' id='word_1_116' title='bbox 1169 1445 1265 1480; x_wconf 87' lang='lat' dir='ltr'>parte</span> 
     </span>
     <span class='ocr_line' id='line_1_20' title="bbox 424 1492 1268 1533; baseline 0.001 -10"><span class='ocrx_word' id='word_1_117' title='bbox 424 1493 530 1533; x_wconf 84' lang='lat' dir='ltr'>ipsius</span> <span class='ocrx_word' id='word_1_118' title='bbox 545 1492 674 1523; x_wconf 87' lang='lat' dir='ltr'>domini</span> <span class='ocrx_word' id='word_1_119' title='bbox 692 1492 912 1529; x_wconf 61' lang='lat' dir='ltr'>Bernabonss,</span> <span class='ocrx_word' id='word_1_120' title='bbox 926 1502 1003 1523; x_wconf 91' lang='lat' dir='ltr'>cum</span> <span class='ocrx_word' id='word_1_121' title='bbox 1016 1492 1184 1524; x_wconf 78' lang='lat' dir='ltr'>instancia</span> <span class='ocrx_word' id='word_1_122' title='bbox 1198 1503 1268 1524; x_wconf 82' lang='lat' dir='ltr'>ma-</span> 
     </span>
     <span class='ocr_line' id='line_1_21' title="bbox 424 1545 1267 1587; baseline -0.001 -10"><span class='ocrx_word' id='word_1_123' title='bbox 424 1547 515 1578; x_wconf 76' lang='lat' dir='ltr'>xima</span> <span class='ocrx_word' id='word_1_124' title='bbox 532 1545 757 1577; x_wconf 85' lang='lat' dir='ltr'>cardinalium</span> <span class='ocrx_word' id='word_1_125' title='bbox 784 1545 986 1587; x_wconf 85' lang='lat' dir='ltr'>aliquorum,</span> <span class='ocrx_word' id='word_1_126' title='bbox 1004 1546 1061 1587; x_wconf 84' lang='lat' dir='ltr'>qui</span> <span class='ocrx_word' id='word_1_127' title='bbox 1086 1545 1150 1576; x_wconf 87' lang='lat' dir='ltr'>sibi</span> <span class='ocrx_word' id='word_1_128' title='bbox 1171 1546 1267 1576; x_wconf 79' lang='lat' dir='ltr'>fave-</span> 
     </span>
     <span class='ocr_line' id='line_1_22' title="bbox 427 1599 1268 1639; baseline -0.001 -9"><span class='ocrx_word' id='word_1_129' title='bbox 427 1600 519 1635; x_wconf 75' lang='lat' dir='ltr'>bant,</span> <span class='ocrx_word' id='word_1_130' title='bbox 537 1599 672 1630; x_wconf 84' lang='lat' dir='ltr'>habitus</span> <span class='ocrx_word' id='word_1_131' title='bbox 689 1604 738 1629; x_wconf 85' lang='lat' dir='ltr'>est</span> <span class='ocrx_word' id='word_1_132' title='bbox 763 1599 804 1629; x_wconf 88' lang='lat' dir='ltr'>de</span> <span class='ocrx_word' id='word_1_133' title='bbox 829 1609 915 1639; x_wconf 87' lang='lat' dir='ltr'>pace</span> <span class='ocrx_word' id='word_1_134' title='bbox 934 1604 1098 1630; x_wconf 86' lang='lat' dir='ltr'>tractatus</span> <span class='ocrx_word' id='word_1_135' title='bbox 1116 1599 1149 1630; x_wconf 88' lang='lat' dir='ltr'>in</span> <span class='ocrx_word' id='word_1_136' title='bbox 1166 1599 1268 1630; x_wconf 90' lang='lat' dir='ltr'>Lom-</span> 
     </span>
     <span class='ocr_line' id='line_1_23' title="bbox 425 1651 1267 1693; baseline -0.001 -9"><span class='ocrx_word' id='word_1_137' title='bbox 425 1653 546 1684; x_wconf 83' lang='lat' dir='ltr'>bardia</span> <span class='ocrx_word' id='word_1_138' title='bbox 561 1663 638 1683; x_wconf 91' lang='lat' dir='ltr'>eum</span> <span class='ocrx_word' id='word_1_139' title='bbox 653 1652 890 1693; x_wconf 75' lang='lat' dir='ltr'>colligatorum</span> <span class='ocrx_word' id='word_1_140' title='bbox 902 1659 1013 1684; x_wconf 85' lang='lat' dir='ltr'>tamen</span> <span class='ocrx_word' id='word_1_141' title='bbox 1028 1651 1267 1683; x_wconf 86' lang='lat' dir='ltr'>concludenda</span> 
     </span>
     <span class='ocr_line' id='line_1_24' title="bbox 426 1704 1268 1747; baseline -0.001 -10"><span class='ocrx_word' id='word_1_142' title='bbox 426 1717 604 1744; x_wconf 81' lang='lat' dir='ltr'>consensu,</span> <span class='ocrx_word' id='word_1_143' title='bbox 630 1706 676 1736; x_wconf 92' lang='lat' dir='ltr'>ita</span> <span class='ocrx_word' id='word_1_144' title='bbox 692 1711 805 1736; x_wconf 88' lang='lat' dir='ltr'>tamen</span> <span class='ocrx_word' id='word_1_145' title='bbox 824 1704 926 1746; x_wconf 83' lang='lat' dir='ltr'>quod,</span> <span class='ocrx_word' id='word_1_146' title='bbox 945 1712 1127 1747; x_wconf 85' lang='lat' dir='ltr'>antequam</span> <span class='ocrx_word' id='word_1_147' title='bbox 1153 1705 1196 1736; x_wconf 86' lang='lat' dir='ltr'>ad</span> <span class='ocrx_word' id='word_1_148' title='bbox 1216 1706 1268 1746; x_wconf 86' lang='lat' dir='ltr'>ip-</span> 
     </span>
     <span class='ocr_line' id='line_1_25' title="bbox 426 1758 1268 1800; baseline 0 -11"><span class='ocrx_word' id='word_1_149' title='bbox 426 1770 498 1790; x_wconf 84' lang='lat' dir='ltr'>sum</span> <span class='ocrx_word' id='word_1_150' title='bbox 532 1758 750 1790; x_wconf 87' lang='lat' dir='ltr'>deveniretur</span> <span class='ocrx_word' id='word_1_151' title='bbox 781 1763 974 1794; x_wconf 86' lang='lat' dir='ltr'>tractatum,</span> <span class='ocrx_word' id='word_1_152' title='bbox 1006 1759 1164 1790; x_wconf 79' lang='lat' dir='ltr'>dominus</span> <span class='ocrx_word' id='word_1_153' title='bbox 1195 1759 1268 1800; x_wconf 88' lang='lat' dir='ltr'>ipse</span> 
     </span>
     <span class='ocr_line' id='line_1_26' title="bbox 428 1811 1270 1844; baseline 0.001 -1"><span class='ocrx_word' id='word_1_154' title='bbox 428 1812 606 1843; x_wconf 83' lang='lat' dir='ltr'>Bernabos</span> <span class='ocrx_word' id='word_1_155' title='bbox 622 1812 655 1842; x_wconf 92' lang='lat' dir='ltr'>in</span> <span class='ocrx_word' id='word_1_156' title='bbox 673 1811 831 1843; x_wconf 77' lang='lat' dir='ltr'>manibus</span> <span class='ocrx_word' id='word_1_157' title='bbox 850 1811 1098 1844; x_wconf 82' lang='lat' dir='ltr'>cluniascensis</span> <span class='ocrx_word' id='word_1_158' title='bbox 1111 1813 1270 1844; x_wconf 84' lang='lat' dir='ltr'>cardina-</span> 
     </span>
     <span class='ocr_line' id='line_1_27' title="bbox 427 1865 1270 1906; baseline 0.002 -11"><span class='ocrx_word' id='word_1_159' title='bbox 427 1866 476 1901; x_wconf 79' lang='lat' dir='ltr'>lis,</span> <span class='ocrx_word' id='word_1_160' title='bbox 501 1875 569 1906; x_wconf 88' lang='lat' dir='ltr'>quo</span> <span class='ocrx_word' id='word_1_161' title='bbox 593 1865 767 1896; x_wconf 85' lang='lat' dir='ltr'>confidere</span> <span class='ocrx_word' id='word_1_162' title='bbox 793 1871 874 1896; x_wconf 86' lang='lat' dir='ltr'>tunc</span> <span class='ocrx_word' id='word_1_163' title='bbox 900 1865 1061 1902; x_wconf 79' lang='lat' dir='ltr'>ostendit,</span> <span class='ocrx_word' id='word_1_164' title='bbox 1077 1866 1270 1905; x_wconf 82' lang='lat' dir='ltr'>deposicio-</span> 
     </span>
     <span class='ocr_line' id='line_1_28' title="bbox 427 1918 1268 1961; baseline 0 -12"><span class='ocrx_word' id='word_1_165' title='bbox 427 1930 504 1949; x_wconf 87' lang='lat' dir='ltr'>nem</span> <span class='ocrx_word' id='word_1_166' title='bbox 531 1918 663 1949; x_wconf 82' lang='lat' dir='ltr'>faceret</span> <span class='ocrx_word' id='word_1_167' title='bbox 681 1924 869 1949; x_wconf 81' lang='lat' dir='ltr'>castrorum</span> <span class='ocrx_word' id='word_1_168' title='bbox 895 1925 929 1949; x_wconf 85' lang='lat' dir='ltr'>et</span> <span class='ocrx_word' id='word_1_169' title='bbox 944 1918 1110 1956; x_wconf 87' lang='lat' dir='ltr'>locorum,</span> <span class='ocrx_word' id='word_1_170' title='bbox 1127 1929 1192 1961; x_wconf 92' lang='lat' dir='ltr'>que</span> <span class='ocrx_word' id='word_1_171' title='bbox 1211 1928 1268 1950; x_wconf 90' lang='lat' dir='ltr'>oc-</span> 
     </span>
     <span class='ocr_line' id='line_1_29' title="bbox 429 1970 1271 2013; baseline -0.002 -9"><span class='ocrx_word' id='word_1_172' title='bbox 429 1979 552 2013; x_wconf 88' lang='lat' dir='ltr'>cupata</span> <span class='ocrx_word' id='word_1_173' title='bbox 570 1971 720 2004; x_wconf 76' lang='lat' dir='ltr'>tenebat.</span> <span class='ocrx_word' id='word_1_174' title='bbox 743 1970 871 2013; x_wconf 61' lang='lat' dir='ltr'>quue</span> <span class='ocrx_word' id='word_1_175' title='bbox 888 1971 1098 2008; x_wconf 85' lang='lat' dir='ltr'>Andruinus,</span> <span class='ocrx_word' id='word_1_176' title='bbox 1113 1971 1271 2002; x_wconf 89' lang='lat' dir='ltr'>cardina-</span> 
     </span>
     <span class='ocr_line' id='line_1_30' title="bbox 429 2025 1271 2066; baseline -0.001 -10"><span class='ocrx_word' id='word_1_177' title='bbox 429 2027 467 2057; x_wconf 90' lang='lat' dir='ltr'>lis</span> <span class='ocrx_word' id='word_1_178' title='bbox 493 2026 736 2064; x_wconf 80' lang='lat' dir='ltr'>clunascensis,</span> <span class='ocrx_word' id='word_1_179' title='bbox 754 2025 990 2056; x_wconf 84' lang='lat' dir='ltr'>Mediolanum</span> <span class='ocrx_word' id='word_1_180' title='bbox 1008 2025 1187 2066; x_wconf 77' lang='lat' dir='ltr'>profectus</span> <span class='ocrx_word' id='word_1_181' title='bbox 1212 2031 1271 2062; x_wconf 86' lang='lat' dir='ltr'>est,</span> 
     </span>
     <span class='ocr_line' id='line_1_31' title="bbox 427 2078 1272 2111; baseline -0.002 -1"><span class='ocrx_word' id='word_1_182' title='bbox 427 2080 486 2111; x_wconf 87' lang='lat' dir='ltr'>ubi</span> <span class='ocrx_word' id='word_1_183' title='bbox 510 2079 686 2110; x_wconf 87' lang='lat' dir='ltr'>dominum</span> <span class='ocrx_word' id='word_1_184' title='bbox 705 2078 942 2109; x_wconf 78' lang='lat' dir='ltr'>Bernabonem</span> <span class='ocrx_word' id='word_1_185' title='bbox 962 2078 1003 2110; x_wconf 87' lang='lat' dir='ltr'>ab</span> <span class='ocrx_word' id='word_1_186' title='bbox 1020 2078 1172 2109; x_wconf 80' lang='lat' dir='ltr'>heretica</span> <span class='ocrx_word' id='word_1_187' title='bbox 1189 2078 1272 2109; x_wconf 86' lang='lat' dir='ltr'>dan—</span> 
     </span>
    </p>
   </div>
   <div class='ocr_carea' id='block_1_3' title="bbox 1332 903 1370 933">
    <p class='ocr_par' dir='ltr' id='par_1_3' title="bbox 1332 903 1370 933">
     <span class='ocr_line' id='line_1_32' title="bbox 1332 903 1370 933; baseline 0 0"><span class='ocrx_word' id='word_1_188' title='bbox 1332 903 1370 933; x_wconf 88' lang='grc'>10</span> 
     </span>
    </p>
   </div>
   <div class='ocr_carea' id='block_1_4' title="bbox 1335 1158 1369 1190">
    <p class='ocr_par' dir='ltr' id='par_1_4' title="bbox 1335 1158 1369 1190">
     <span class='ocr_line' id='line_1_33' title="bbox 1335 1158 1369 1190; baseline 0.029 -1"><span class='ocrx_word' id='word_1_189' title='bbox 1335 1158 1369 1190; x_wconf 86' lang='grc'>15</span> 
     </span>
    </p>
   </div>
   <div class='ocr_carea' id='block_1_5' title="bbox 1294 371 1302 1419">
    <p class='ocr_par' dir='ltr' id='par_1_5' title="bbox 1294 371 1302 1419">
     <span class='ocr_line' id='line_1_34' title="bbox 1294 371 1302 1419; baseline 0 0"><span class='ocrx_word' id='word_1_190' title='bbox 1294 371 1302 1419; x_wconf 95' lang='lat' dir='ltr'> </span> 
     </span>
    </p>
   </div>
   <div class='ocr_carea' id='block_1_6' title="bbox 1299 1424 1372 1456">
    <p class='ocr_par' dir='ltr' id='par_1_6' title="bbox 1299 1424 1372 1456">
     <span class='ocr_line' id='line_1_35' title="bbox 1299 1424 1372 1456; baseline -0.041 1"><span class='ocrx_word' id='word_1_191' title='bbox 1299 1424 1301 1429; x_wconf 83' lang='grc'><strong>’</strong></span> <span class='ocrx_word' id='word_1_192' title='bbox 1332 1427 1372 1456; x_wconf 85' lang='lat'>20</span> 
     </span>
    </p>
   </div>
   <div class='ocr_carea' id='block_1_7' title="bbox 1299 1611 1304 1668">
    <p class='ocr_par' dir='ltr' id='par_1_7' title="bbox 1299 1611 1304 1668">
     <span class='ocr_line' id='line_1_36' title="bbox 1299 1611 1304 1668; baseline 0 0"><span class='ocrx_word' id='word_1_193' title='bbox 1299 1611 1304 1668; x_wconf 89' lang='lat' dir='ltr'>l</span> 
     </span>
    </p>
   </div>
   <div class='ocr_carea' id='block_1_8' title="bbox 1334 1691 1373 1722">
    <p class='ocr_par' dir='ltr' id='par_1_8' title="bbox 1334 1691 1373 1722">
     <span class='ocr_line' id='line_1_37' title="bbox 1334 1691 1373 1722; baseline 0 0"><span class='ocrx_word' id='word_1_194' title='bbox 1334 1691 1373 1722; x_wconf 84' lang='lat'>25</span> 
     </span>
    </p>
   </div>
   <div class='ocr_carea' id='block_1_9' title="bbox 1336 1956 1376 1986">
    <p class='ocr_par' dir='ltr' id='par_1_9' title="bbox 1336 1956 1376 1986">
     <span class='ocr_line' id='line_1_38' title="bbox 1336 1956 1376 1986; baseline -0.025 0"><span class='ocrx_word' id='word_1_195' title='bbox 1336 1956 1376 1986; x_wconf 89' lang='grc'>30</span> 
     </span>
    </p>
   </div>
   <div class='ocr_carea' id='block_1_10' title="bbox 429 2129 1307 2163">
    <p class='ocr_par' dir='ltr' id='par_1_10' title="bbox 429 2129 1307 2163">
     <span class='ocr_line' id='line_1_39' title="bbox 429 2129 1307 2163; baseline -0.001 0"><span class='ocrx_word' id='word_1_196' title='bbox 429 2133 574 2163; x_wconf 86' lang='lat' dir='ltr'>nacione</span> <span class='ocrx_word' id='word_1_197' title='bbox 610 2131 756 2162; x_wconf 60' lang='lat' dir='ltr'>absolvit</span> <span class='ocrx_word' id='word_1_198' title='bbox 794 2132 961 2162; x_wconf 84' lang='lat' dir='ltr'>iurantem</span> <span class='ocrx_word' id='word_1_199' title='bbox 1002 2132 1270 2163; x_wconf 68' lang='lat' dir='ltr'>ecclesiasticam</span> <span class='ocrx_word' id='word_1_200' title='bbox 1306 2129 1307 2134; x_wconf 48' lang='lat'>¹</span> 
     </span>
    </p>
   </div>
   <div class='ocr_carea' id='block_1_11' title="bbox 429 2184 1274 2270">
    <p class='ocr_par' dir='ltr' id='par_1_11' title="bbox 429 2184 1274 2270">
     <span class='ocr_line' id='line_1_40' title="bbox 429 2184 1274 2226; baseline 0 -10"><span class='ocrx_word' id='word_1_201' title='bbox 429 2186 632 2217; x_wconf 82' lang='lat' dir='ltr'>libertatem.</span> <span class='ocrx_word' id='word_1_202' title='bbox 673 2185 825 2226; x_wconf 84' lang='lat' dir='ltr'>Indeque</span> <span class='ocrx_word' id='word_1_203' title='bbox 851 2195 926 2215; x_wconf 82' lang='lat' dir='ltr'>cum</span> <span class='ocrx_word' id='word_1_204' title='bbox 953 2185 1075 2216; x_wconf 77' lang='lat' dir='ltr'>ordine</span> <span class='ocrx_word' id='word_1_205' title='bbox 1102 2184 1274 2225; x_wconf 82' lang='lat' dir='ltr'>accipien-</span> 
     </span>
     <span class='ocr_line' id='line_1_41' title="bbox 431 2238 1274 2270; baseline -0.004 0"><span class='ocrx_word' id='word_1_206' title='bbox 431 2240 552 2270; x_wconf 88' lang='lat' dir='ltr'>dorum</span> <span class='ocrx_word' id='word_1_207' title='bbox 578 2245 767 2269; x_wconf 84' lang='lat' dir='ltr'>castrorum</span> <span class='ocrx_word' id='word_1_208' title='bbox 799 2238 937 2269; x_wconf 83' lang='lat' dir='ltr'>nomine</span> <span class='ocrx_word' id='word_1_209' title='bbox 963 2238 1120 2269; x_wconf 78' lang='lat' dir='ltr'>Ecclesie</span> <span class='ocrx_word' id='word_1_210' title='bbox 1152 2238 1274 2269; x_wconf 81' lang='lat' dir='ltr'>Ferra-</span> 
     </span>
    </p>
   </div>
   <div class='ocr_carea' id='block_1_12' title="bbox 1307 2215 1377 2251">
    <p class='ocr_par' dir='ltr' id='par_1_12' title="bbox 1307 2215 1377 2251">
     <span class='ocr_line' id='line_1_42' title="bbox 1307 2215 1377 2251; baseline 0 -1"><span class='ocrx_word' id='word_1_211' title='bbox 1307 2215 1377 2251; x_wconf 72' lang='lat'>135</span> 
     </span>
    </p>
   </div>
   <div class='ocr_carea' id='block_1_13' title="bbox 430 2290 1309 2383">
    <p class='ocr_par' dir='ltr' id='par_1_13' title="bbox 430 2290 1309 2383">
     <span class='ocr_line' id='line_1_43' title="bbox 430 2290 1309 2331; baseline 0 -9"><span class='ocrx_word' id='word_1_212' title='bbox 430 2292 516 2322; x_wconf 84' lang='lat' dir='ltr'>riam</span> <span class='ocrx_word' id='word_1_213' title='bbox 542 2292 646 2328; x_wconf 88' lang='lat' dir='ltr'>venit,</span> <span class='ocrx_word' id='word_1_214' title='bbox 663 2290 719 2322; x_wconf 87' lang='lat' dir='ltr'>ubi</span> <span class='ocrx_word' id='word_1_215' title='bbox 737 2291 946 2331; x_wconf 61' lang='lat' dir='ltr'>magnificus</span> <span class='ocrx_word' id='word_1_216' title='bbox 959 2291 1116 2322; x_wconf 78' lang='lat' dir='ltr'>dominus</span> <span class='ocrx_word' id='word_1_217' title='bbox 1135 2290 1275 2322; x_wconf 87' lang='lat' dir='ltr'>Franci—</span> <span class='ocrx_word' id='word_1_218' title='bbox 1308 2311 1309 2322; x_wconf 71' lang='lat' dir='ltr'>l</span> 
     </span>
     <span class='ocr_line' id='line_1_44' title="bbox 431 2343 1309 2383; baseline -0.002 -8"><span class='ocrx_word' id='word_1_219' title='bbox 431 2355 508 2375; x_wconf 87' lang='lat' dir='ltr'>scus</span> <span class='ocrx_word' id='word_1_220' title='bbox 525 2345 566 2376; x_wconf 77' lang='lat' dir='ltr'>de</span> <span class='ocrx_word' id='word_1_221' title='bbox 583 2344 753 2381; x_wconf 75' lang='lat' dir='ltr'>Carraria,</span> <span class='ocrx_word' id='word_1_222' title='bbox 770 2343 950 2375; x_wconf 80' lang='lat' dir='ltr'>Mantuani</span> <span class='ocrx_word' id='word_1_223' title='bbox 970 2344 1096 2375; x_wconf 87' lang='lat' dir='ltr'>domini</span> <span class='ocrx_word' id='word_1_224' title='bbox 1112 2353 1153 2374; x_wconf 84' lang='lat' dir='ltr'>ac</span> <span class='ocrx_word' id='word_1_225' title='bbox 1172 2343 1273 2374; x_wconf 84' lang='lat' dir='ltr'>etiam</span> <span class='ocrx_word' id='word_1_226' title='bbox 1308 2357 1309 2383; x_wconf 70' lang='lat' dir='ltr'><strong>j</strong></span> 
     </span>
    </p>
   </div>
   <div class='ocr_carea' id='block_1_14' title="bbox 432 2397 1274 2439">
    <p class='ocr_par' dir='ltr' id='par_1_14' title="bbox 432 2397 1274 2439">
     <span class='ocr_line' id='line_1_45' title="bbox 432 2397 1274 2439; baseline 0 -11"><span class='ocrx_word' id='word_1_227' title='bbox 432 2398 588 2429; x_wconf 84' lang='lat' dir='ltr'>dominus</span> <span class='ocrx_word' id='word_1_228' title='bbox 604 2397 777 2429; x_wconf 87' lang='lat' dir='ltr'>Feltrinus</span> <span class='ocrx_word' id='word_1_229' title='bbox 802 2398 845 2428; x_wconf 85' lang='lat' dir='ltr'>de</span> <span class='ocrx_word' id='word_1_230' title='bbox 864 2397 1029 2439; x_wconf 64' lang='lat' dir='ltr'>Goncaga</span> <span class='ocrx_word' id='word_1_231' title='bbox 1047 2407 1123 2427; x_wconf 91' lang='lat' dir='ltr'>cum</span> <span class='ocrx_word' id='word_1_232' title='bbox 1140 2397 1213 2437; x_wconf 81' lang='lat' dir='ltr'>ipso</span> <span class='ocrx_word' id='word_1_233' title='bbox 1230 2397 1274 2428; x_wconf 85' lang='lat' dir='ltr'>ad</span> 
     </span>
    </p>
   </div>
   <div class='ocr_carea' id='block_1_15' title="bbox 432 2443 1310 2546">
    <p class='ocr_par' dir='ltr' id='par_1_15' title="bbox 432 2443 1310 2546">
     <span class='ocr_line' id='line_1_46' title="bbox 432 2443 1310 2493; baseline -0.002 -11"><span class='ocrx_word' id='word_1_234' title='bbox 432 2451 640 2493; x_wconf 83' lang='lat' dir='ltr'>colloquium</span> <span class='ocrx_word' id='word_1_235' title='bbox 667 2450 774 2487; x_wconf 79' lang='lat' dir='ltr'>fuere,</span> <span class='ocrx_word' id='word_1_236' title='bbox 805 2460 869 2481; x_wconf 91' lang='lat' dir='ltr'>nec</span> <span class='ocrx_word' id='word_1_237' title='bbox 887 2451 928 2480; x_wconf 74' lang='lat' dir='ltr'>de</span> <span class='ocrx_word' id='word_1_238' title='bbox 946 2460 1033 2491; x_wconf 83' lang='lat' dir='ltr'>pace</span> <span class='ocrx_word' id='word_1_239' title='bbox 1050 2460 1199 2491; x_wconf 88' lang='lat' dir='ltr'>unquam</span> <span class='ocrx_word' id='word_1_240' title='bbox 1217 2449 1276 2480; x_wconf 89' lang='lat' dir='ltr'>ali·</span> <span class='ocrx_word' id='word_1_241' title='bbox 1309 2443 1310 2446; x_wconf 29' lang='lat'>¹</span> 
     </span>
     <span class='ocr_line' id='line_1_47' title="bbox 433 2502 1310 2546; baseline -0.003 -11"><span class='ocrx_word' id='word_1_242' title='bbox 433 2504 514 2546; x_wconf 89' lang='lat' dir='ltr'>quid</span> <span class='ocrx_word' id='word_1_243' title='bbox 533 2505 661 2535; x_wconf 87' lang='lat' dir='ltr'>dictum</span> <span class='ocrx_word' id='word_1_244' title='bbox 681 2504 747 2535; x_wconf 87' lang='lat' dir='ltr'>fuit</span> <span class='ocrx_word' id='word_1_245' title='bbox 763 2503 826 2533; x_wconf 88' lang='lat' dir='ltr'>nisi</span> <span class='ocrx_word' id='word_1_246' title='bbox 846 2503 1013 2539; x_wconf 81' lang='lat' dir='ltr'>Bononie‚</span> <span class='ocrx_word' id='word_1_247' title='bbox 1031 2509 1074 2538; x_wconf 92' lang='lat' dir='ltr'>et,</span> <span class='ocrx_word' id='word_1_248' title='bbox 1092 2502 1203 2543; x_wconf 87' lang='lat' dir='ltr'>primo</span> <span class='ocrx_word' id='word_1_249' title='bbox 1221 2512 1276 2533; x_wconf 85' lang='lat' dir='ltr'>ca·</span> <span class='ocrx_word' id='word_1_250' title='bbox 1309 2504 1310 2525; x_wconf 70' lang='grc' dir='ltr'><strong>ἓ</strong></span> 
     </span>
    </p>
   </div>
   <div class='ocr_carea' id='block_1_16' title="bbox 432 2555 1277 2913">
    <p class='ocr_par' dir='ltr' id='par_1_16' title="bbox 432 2555 1277 2913">
     <span class='ocr_line' id='line_1_48' title="bbox 432 2555 1276 2597; baseline -0.002 -10"><span class='ocrx_word' id='word_1_251' title='bbox 432 2557 509 2588; x_wconf 83' lang='lat' dir='ltr'>stris</span> <span class='ocrx_word' id='word_1_252' title='bbox 522 2563 554 2587; x_wconf 89' lang='lat' dir='ltr'>et</span> <span class='ocrx_word' id='word_1_253' title='bbox 568 2557 653 2587; x_wconf 79' lang='lat' dir='ltr'>locis</span> <span class='ocrx_word' id='word_1_254' title='bbox 666 2557 700 2586; x_wconf 90' lang='lat' dir='ltr'>in</span> <span class='ocrx_word' id='word_1_255' title='bbox 715 2556 872 2596; x_wconf 86' lang='lat' dir='ltr'>deposito</span> <span class='ocrx_word' id='word_1_256' title='bbox 886 2555 1048 2597; x_wconf 72' lang='lat' dir='ltr'>receptis,</span> <span class='ocrx_word' id='word_1_257' title='bbox 1062 2561 1143 2586; x_wconf 89' lang='lat' dir='ltr'>tunc</span> <span class='ocrx_word' id='word_1_258' title='bbox 1156 2561 1276 2596; x_wconf 89' lang='lat' dir='ltr'>postea</span> 
     </span>
     <span class='ocr_line' id='line_1_49' title="bbox 433 2609 1275 2650; baseline -0.002 -10"><span class='ocrx_word' id='word_1_259' title='bbox 433 2616 615 2641; x_wconf 81' lang='lat' dir='ltr'>tractatum</span> <span class='ocrx_word' id='word_1_260' title='bbox 634 2616 770 2650; x_wconf 89' lang='lat' dir='ltr'>ceptum</span> <span class='ocrx_word' id='word_1_261' title='bbox 785 2615 882 2640; x_wconf 82' lang='lat' dir='ltr'>estet</span> <span class='ocrx_word' id='word_1_262' title='bbox 898 2609 1033 2640; x_wconf 76' lang='lat' dir='ltr'>duravit</span> <span class='ocrx_word' id='word_1_263' title='bbox 1050 2619 1112 2649; x_wconf 89' lang='lat' dir='ltr'>per</span> <span class='ocrx_word' id='word_1_264' title='bbox 1125 2618 1275 2639; x_wconf 79' lang='lat' dir='ltr'>mensem</span> 
     </span>
     <span class='ocr_line' id='line_1_50' title="bbox 434 2660 1276 2694; baseline -0.002 -1"><span class='ocrx_word' id='word_1_265' title='bbox 434 2664 513 2694; x_wconf 85' lang='lat' dir='ltr'>hinc</span> <span class='ocrx_word' id='word_1_266' title='bbox 538 2663 618 2693; x_wconf 88' lang='lat' dir='ltr'>inde</span> <span class='ocrx_word' id='word_1_267' title='bbox 644 2673 720 2693; x_wconf 84' lang='lat' dir='ltr'>curn</span> <span class='ocrx_word' id='word_1_268' title='bbox 738 2662 850 2693; x_wconf 86' lang='lat' dir='ltr'>multis</span> <span class='ocrx_word' id='word_1_269' title='bbox 868 2661 1050 2693; x_wconf 84' lang='lat' dir='ltr'>verborum</span> <span class='ocrx_word' id='word_1_270' title='bbox 1068 2660 1276 2693; x_wconf 90' lang='lat' dir='ltr'>collocucio-</span> 
     </span>
     <span class='ocr_line' id='line_1_51' title="bbox 435 2713 1277 2746; baseline -0.002 0"><span class='ocrx_word' id='word_1_271' title='bbox 435 2716 542 2746; x_wconf 87' lang='lat' dir='ltr'>uibus.</span> <span class='ocrx_word' id='word_1_272' title='bbox 577 2716 718 2746; x_wconf 74' lang='lat' dir='ltr'>Demum</span> <span class='ocrx_word' id='word_1_273' title='bbox 739 2714 847 2745; x_wconf 83' lang='lat' dir='ltr'>tercia</span> <span class='ocrx_word' id='word_1_274' title='bbox 863 2715 917 2746; x_wconf 82' lang='lat' dir='ltr'>die</span> <span class='ocrx_word' id='word_1_275' title='bbox 931 2715 1048 2745; x_wconf 89' lang='lat' dir='ltr'>marcii</span> <span class='ocrx_word' id='word_1_276' title='bbox 1062 2713 1230 2744; x_wconf 82' lang='lat' dir='ltr'>industria</span> <span class='ocrx_word' id='word_1_277' title='bbox 1243 2720 1277 2744; x_wconf 86' lang='lat' dir='ltr'>et</span> 
     </span>
     <span class='ocr_line' id='line_1_52' title="bbox 434 2766 1277 2809; baseline -0.004 -10"><span class='ocrx_word' id='word_1_278' title='bbox 434 2768 666 2799; x_wconf 81' lang='lat' dir='ltr'>sollicitudine</span> <span class='ocrx_word' id='word_1_279' title='bbox 692 2767 878 2798; x_wconf 77' lang='lat' dir='ltr'>cardinalis</span> <span class='ocrx_word' id='word_1_280' title='bbox 902 2767 1006 2809; x_wconf 80' lang='lat' dir='ltr'>legati</span> <span class='ocrx_word' id='word_1_281' title='bbox 1030 2767 1183 2808; x_wconf 89' lang='lat' dir='ltr'>paxipsa</span> <span class='ocrx_word' id='word_1_282' title='bbox 1196 2766 1277 2797; x_wconf 90' lang='lat' dir='ltr'>hinc</span> 
     </span>
     <span class='ocr_line' id='line_1_53' title="bbox 435 2819 1276 2861; baseline -0.002 -11"><span class='ocrx_word' id='word_1_283' title='bbox 435 2821 516 2852; x_wconf 87' lang='lat' dir='ltr'>inde</span> <span class='ocrx_word' id='word_1_284' title='bbox 534 2820 765 2861; x_wconf 86' lang='lat' dir='ltr'>pronunciata</span> <span class='ocrx_word' id='word_1_285' title='bbox 790 2821 864 2858; x_wconf 76' lang='lat' dir='ltr'>fuit,</span> <span class='ocrx_word' id='word_1_286' title='bbox 883 2820 978 2851; x_wconf 81' lang='lat' dir='ltr'>facto</span> <span class='ocrx_word' id='word_1_287' title='bbox 996 2830 1058 2860; x_wconf 88' lang='lat' dir='ltr'>per</span> <span class='ocrx_word' id='word_1_288' title='bbox 1075 2825 1191 2860; x_wconf 86' lang='lat' dir='ltr'>partes</span> <span class='ocrx_word' id='word_1_289' title='bbox 1208 2819 1276 2860; x_wconf 90' lang='lat' dir='ltr'>pri-</span> 
     </span>
     <span class='ocr_line' id='line_1_54' title="bbox 436 2871 1276 2913; baseline -0.002 -9"><span class='ocrx_word' id='word_1_290' title='bbox 436 2884 489 2904; x_wconf 93' lang='lat' dir='ltr'>mo</span> <span class='ocrx_word' id='word_1_291' title='bbox 513 2880 626 2904; x_wconf 78' lang='lat' dir='ltr'>tamen</span> <span class='ocrx_word' id='word_1_292' title='bbox 650 2873 686 2903; x_wconf 89' lang='lat' dir='ltr'>in</span> <span class='ocrx_word' id='word_1_293' title='bbox 710 2874 783 2913; x_wconf 84' lang='lat' dir='ltr'>ipso</span> <span class='ocrx_word' id='word_1_294' title='bbox 808 2872 938 2903; x_wconf 71' lang='lat' dir='ltr'>arbitrii</span> <span class='ocrx_word' id='word_1_295' title='bbox 964 2871 1210 2913; x_wconf 86' lang='lat' dir='ltr'>conpromisso,</span> <span class='ocrx_word' id='word_1_296' title='bbox 1235 2881 1276 2902; x_wconf 87' lang='lat' dir='ltr'>eo</span> 
     </span>
    </p>
   </div>
   <div class='ocr_carea' id='block_1_17' title="bbox 526 2989 761 3020">
    <p class='ocr_par' dir='ltr' id='par_1_17' title="bbox 526 2989 761 3020">
     <span class='ocr_line' id='line_1_55' title="bbox 526 2989 761 3020; baseline 0 -8"><span class='ocrx_word' id='word_1_297' title='bbox 526 2997 547 3020; x_wconf 74' lang='lat'>5.</span> <span class='ocrx_word' id='word_1_298' title='bbox 570 2989 704 3012; x_wconf 68' lang='lat' dir='ltr'>insistens</span> <span class='ocrx_word' id='word_1_299' title='bbox 726 2989 761 3012; x_wconf 51' lang='lat'>21!</span> 
     </span>
    </p>
   </div>
   <div class='ocr_carea' id='block_1_18' title="bbox 1388 390 1397 1502">
    <p class='ocr_par' dir='ltr' id='par_1_18' title="bbox 1388 390 1397 1502">
     <span class='ocr_line' id='line_1_56' title="bbox 1388 390 1397 1502; baseline 0 0"><span class='ocrx_word' id='word_1_300' title='bbox 1388 390 1397 1502; x_wconf 95' lang='lat' dir='ltr'> </span> 
     </span>
    </p>
   </div>
   <div class='ocr_carea' id='block_1_19' title="bbox 1387 390 1399 1820">
    <p class='ocr_par' dir='ltr' id='par_1_19' title="bbox 1387 390 1399 1820">
     <span class='ocr_line' id='line_1_57' title="bbox 1387 390 1399 1820; baseline 0 0"><span class='ocrx_word' id='word_1_301' title='bbox 1387 390 1399 1820; x_wconf 95' lang='lat' dir='ltr'> </span> 
     </span>
    </p>
   </div>
   <div class='ocr_carea' id='block_1_20' title="bbox 1395 1962 1405 3015">
    <p class='ocr_par' dir='ltr' id='par_1_20' title="bbox 1395 1962 1405 3015">
     <span class='ocr_line' id='line_1_58' title="bbox 1395 1962 1405 3015; baseline 0 0"><span class='ocrx_word' id='word_1_302' title='bbox 1395 1962 1405 3015; x_wconf 95' lang='lat' dir='ltr'> </span> 
     </span>
    </p>
   </div>
   <div class='ocr_carea' id='block_1_21' title="bbox 780 232 1917 272">
    <p class='ocr_par' dir='ltr' id='par_1_21' title="bbox 780 232 1917 272">
     <span class='ocr_line' id='line_1_59' title="bbox 780 232 1917 272; baseline 0.004 -5"><span class='ocrx_word' id='word_1_303' title='bbox 780 232 947 268; x_wconf 86' lang='lat' dir='ltr'>GESTA</span> <span class='ocrx_word' id='word_1_304' title='bbox 976 233 1282 269; x_wconf 86' lang='lat' dir='ltr'><strong>MAGNIFICA</strong></span> <span class='ocrx_word' id='word_1_305' title='bbox 1313 234 1496 270; x_wconf 89' lang='lat' dir='ltr'>DOMUS</span> <span class='ocrx_word' id='word_1_306' title='bbox 1526 235 1917 272; x_wconf 88' lang='lat' dir='ltr'><strong>CARRARIENSIS</strong></span> 
     </span>
    </p>
   </div>
   <div class='ocr_carea' id='block_1_22' title="bbox 1744 359 1944 391">
    <p class='ocr_par' dir='ltr' id='par_1_22' title="bbox 1744 359 1944 391">
     <span class='ocr_line' id='line_1_60' title="bbox 1744 359 1944 391; baseline 0.005 -1"><span class='ocrx_word' id='word_1_307' title='bbox 1744 359 1883 391; x_wconf 75' lang='lat' dir='ltr'><strong>REDAZ.</strong></span> <span class='ocrx_word' id='word_1_308' title='bbox 1909 359 1944 391; x_wconf 81' lang='lat' dir='ltr'>l)</span> 
     </span>
    </p>
   </div>
   <div class='ocr_carea' id='block_1_23' title="bbox 1421 430 2263 728">
    <p class='ocr_par' dir='ltr' id='par_1_23' title="bbox 1421 430 2263 728">
     <span class='ocr_line' id='line_1_61' title="bbox 1422 430 2260 473; baseline 0.002 -13"><span class='ocrx_word' id='word_1_309' title='bbox 1422 430 1486 461; x_wconf 90' lang='lat' dir='ltr'>che</span> <span class='ocrx_word' id='word_1_310' title='bbox 1509 441 1568 461; x_wconf 85' lang='lat' dir='ltr'>era</span> <span class='ocrx_word' id='word_1_311' title='bbox 1591 431 1690 462; x_wconf 88' lang='lat' dir='ltr'>stade</span> <span class='ocrx_word' id='word_1_312' title='bbox 1715 431 1757 462; x_wconf 91' lang='lat' dir='ltr'>de</span> <span class='ocrx_word' id='word_1_313' title='bbox 1781 431 1897 473; x_wconf 85' lang='lat' dir='ltr'>alguni</span> <span class='ocrx_word' id='word_1_314' title='bbox 1922 431 2080 473; x_wconf 78' lang='lat' dir='ltr'>pillicari,</span> <span class='ocrx_word' id='word_1_315' title='bbox 2105 431 2141 462; x_wconf 83' lang='lat' dir='ltr'>fo</span> <span class='ocrx_word' id='word_1_316' title='bbox 2165 431 2260 462; x_wconf 79' lang='lat' dir='ltr'>facto</span> 
     </span>
     <span class='ocr_line' id='line_1_62' title="bbox 1421 483 2262 528; baseline 0.001 -14"><span class='ocrx_word' id='word_1_317' title='bbox 1421 494 1467 514; x_wconf 88' lang='lat' dir='ltr'>un</span> <span class='ocrx_word' id='word_1_318' title='bbox 1492 483 1650 526; x_wconf 82' lang='lat' dir='ltr'>collegio,</span> <span class='ocrx_word' id='word_1_319' title='bbox 1673 484 1708 515; x_wconf 87' lang='lat' dir='ltr'>in</span> <span class='ocrx_word' id='word_1_320' title='bbox 1731 485 1763 516; x_wconf 93' lang='lat' dir='ltr'>lo</span> <span class='ocrx_word' id='word_1_321' title='bbox 1789 484 1868 526; x_wconf 92' lang='lat' dir='ltr'>qual</span> <span class='ocrx_word' id='word_1_322' title='bbox 1891 490 1986 516; x_wconf 83' lang='lat' dir='ltr'>stava</span> <span class='ocrx_word' id='word_1_323' title='bbox 2010 484 2135 516; x_wconf 84' lang='lat' dir='ltr'>scolari</span> <span class='ocrx_word' id='word_1_324' title='bbox 2156 483 2262 528; x_wconf 82' lang='lat' dir='ltr'>dode-</span> 
     </span>
     <span class='ocr_line' id='line_1_63' title="bbox 1422 535 2263 579; baseline -0.001 -12"><span class='ocrx_word' id='word_1_325' title='bbox 1422 546 1470 572; x_wconf 85' lang='lat' dir='ltr'>se,</span> <span class='ocrx_word' id='word_1_326' title='bbox 1495 536 1559 567; x_wconf 90' lang='lat' dir='ltr'>che</span> <span class='ocrx_word' id='word_1_327' title='bbox 1583 535 1739 567; x_wconf 86' lang='lat' dir='ltr'>studiava</span> <span class='ocrx_word' id='word_1_328' title='bbox 1761 537 1797 567; x_wconf 89' lang='lat' dir='ltr'>in</span> <span class='ocrx_word' id='word_1_329' title='bbox 1820 537 1908 579; x_wconf 84' lang='lat' dir='ltr'>lege,</span> <span class='ocrx_word' id='word_1_330' title='bbox 1926 542 1960 568; x_wconf 90' lang='lat' dir='ltr'>et</span> <span class='ocrx_word' id='word_1_331' title='bbox 1977 537 2013 568; x_wconf 85' lang='lat' dir='ltr'>fo</span> <span class='ocrx_word' id='word_1_332' title='bbox 2030 537 2062 568; x_wconf 86' lang='lat' dir='ltr'>el</span> <span class='ocrx_word' id='word_1_333' title='bbox 2079 536 2173 568; x_wconf 90' lang='lat' dir='ltr'>dicto</span> <span class='ocrx_word' id='word_1_334' title='bbox 2191 536 2263 568; x_wconf 87' lang='lat' dir='ltr'>col-</span> 
     </span>
     <span class='ocr_line' id='line_1_64' title="bbox 1421 589 2262 631; baseline 0 -11"><span class='ocrx_word' id='word_1_335' title='bbox 1421 589 1514 631; x_wconf 88' lang='lat' dir='ltr'>legio</span> <span class='ocrx_word' id='word_1_336' title='bbox 1535 589 1846 622; x_wconf 82' lang='lat' dir='ltr'>abondevolmente</span> <span class='ocrx_word' id='word_1_337' title='bbox 1872 590 2001 621; x_wconf 89' lang='lat' dir='ltr'>dotado</span> <span class='ocrx_word' id='word_1_338' title='bbox 2025 589 2114 621; x_wconf 88' lang='lat' dir='ltr'>delle</span> <span class='ocrx_word' id='word_1_339' title='bbox 2131 599 2262 631; x_wconf 87' lang='lat' dir='ltr'>posses-</span> 
     </span>
     <span class='ocr_line' id='line_1_65' title="bbox 1422 642 2261 685; baseline 0.001 -13"><span class='ocrx_word' id='word_1_340' title='bbox 1422 642 1507 673; x_wconf 85' lang='lat' dir='ltr'>sioni</span> <span class='ocrx_word' id='word_1_341' title='bbox 1543 643 1681 684; x_wconf 86' lang='lat' dir='ltr'>proprie</span> <span class='ocrx_word' id='word_1_342' title='bbox 1716 643 1772 674; x_wconf 90' lang='lat' dir='ltr'>del</span> <span class='ocrx_word' id='word_1_343' title='bbox 1808 642 1895 674; x_wconf 89' lang='lat' dir='ltr'>ditto</span> <span class='ocrx_word' id='word_1_344' title='bbox 1931 643 2114 685; x_wconf 81' lang='lat' dir='ltr'>magnifico</span> <span class='ocrx_word' id='word_1_345' title='bbox 2151 653 2261 674; x_wconf 87' lang='lat' dir='ltr'>meser</span> 
     </span>
     <span class='ocr_line' id='line_1_66' title="bbox 1424 695 1866 728; baseline 0 -2"><span class='ocrx_word' id='word_1_346' title='bbox 1424 695 1618 727; x_wconf 87' lang='lat' dir='ltr'>Francesco</span> <span class='ocrx_word' id='word_1_347' title='bbox 1642 695 1686 727; x_wconf 91' lang='lat' dir='ltr'>da</span> <span class='ocrx_word' id='word_1_348' title='bbox 1709 696 1866 728; x_wconf 87' lang='lat' dir='ltr'>Carrara.</span> 
     </span>
    </p>
   </div>
   <div class='ocr_carea' id='block_1_24' title="bbox 1423 797 2277 2907">
    <p class='ocr_par' dir='ltr' id='par_1_24' title="bbox 1423 797 2277 2907">
     <span class='ocr_line' id='line_1_67' title="bbox 1511 797 2262 840; baseline 0.004 -12"><span class='ocrx_word' id='word_1_349' title='bbox 1511 797 1586 829; x_wconf 80' lang='lat'>245.</span> <span class='ocrx_word' id='word_1_350' title='bbox 1618 816 1658 820; x_wconf 89' lang='lat'><strong>—</strong></span> <span class='ocrx_word' id='word_1_351' title='bbox 1688 799 1919 836; x_wconf 88' lang='lat' dir='ltr'>Intendando,</span> <span class='ocrx_word' id='word_1_352' title='bbox 1945 809 2046 831; x_wconf 91' lang='lat' dir='ltr'>como</span> <span class='ocrx_word' id='word_1_353' title='bbox 2079 799 2096 829; x_wconf 83' lang='grc' dir='ltr'>ὲ</span> <span class='ocrx_word' id='word_1_354' title='bbox 2121 799 2262 840; x_wconf 86' lang='lat' dir='ltr'>scripto,</span> 
     </span>
     <span class='ocr_line' id='line_1_68' title="bbox 1423 849 2263 894; baseline 0.004 -13"><span class='ocrx_word' id='word_1_355' title='bbox 1423 861 1534 882; x_wconf 87' lang='lat' dir='ltr'>meser</span> <span class='ocrx_word' id='word_1_356' title='bbox 1558 849 1715 883; x_wconf 77' lang='lat' dir='ltr'>Bernabb</span> <span class='ocrx_word' id='word_1_357' title='bbox 1739 852 1805 883; x_wconf 88' lang='lat' dir='ltr'>alla</span> <span class='ocrx_word' id='word_1_358' title='bbox 1828 862 1922 893; x_wconf 87' lang='lat' dir='ltr'>pase,</span> <span class='ocrx_word' id='word_1_359' title='bbox 1939 852 1972 884; x_wconf 88' lang='lat' dir='ltr'>la</span> <span class='ocrx_word' id='word_1_360' title='bbox 1988 852 2067 894; x_wconf 92' lang='lat' dir='ltr'>qual</span> <span class='ocrx_word' id='word_1_361' title='bbox 2085 853 2116 884; x_wconf 90' lang='lat' dir='ltr'>ie</span> <span class='ocrx_word' id='word_1_362' title='bbox 2131 863 2189 883; x_wconf 88' lang='lat' dir='ltr'>era</span> <span class='ocrx_word' id='word_1_363' title='bbox 2205 853 2263 894; x_wconf 68' lang='lat' dir='ltr'>pisi</span> 
     </span>
     <span class='ocr_line' id='line_1_69' title="bbox 1424 904 2263 946; baseline 0.004 -12"><span class='ocrx_word' id='word_1_364' title='bbox 1424 905 1615 935; x_wconf 80' lang='lat' dir='ltr'>necessaria</span> <span class='ocrx_word' id='word_1_365' title='bbox 1640 906 1705 936; x_wconf 85' lang='lat' dir='ltr'>cha</span> <span class='ocrx_word' id='word_1_366' title='bbox 1729 904 1821 941; x_wconf 82' lang='lat' dir='ltr'>utile,</span> <span class='ocrx_word' id='word_1_367' title='bbox 1845 905 1872 936; x_wconf 84' lang='lat' dir='ltr'>si</span> <span class='ocrx_word' id='word_1_368' title='bbox 1896 915 1958 946; x_wconf 91' lang='lat' dir='ltr'>per</span> <span class='ocrx_word' id='word_1_369' title='bbox 1989 906 2020 936; x_wconf 89' lang='lat' dir='ltr'>le</span> <span class='ocrx_word' id='word_1_370' title='bbox 2044 905 2263 937; x_wconf 88' lang='lat' dir='ltr'>solicitudine</span> 
     </span>
     <span class='ocr_line' id='line_1_70' title="bbox 1425 956 2262 1000; baseline 0.001 -13"><span class='ocrx_word' id='word_1_371' title='bbox 1425 956 1561 988; x_wconf 83' lang='lat' dir='ltr'>habude</span> <span class='ocrx_word' id='word_1_372' title='bbox 1586 967 1648 998; x_wconf 89' lang='lat' dir='ltr'>per</span> <span class='ocrx_word' id='word_1_373' title='bbox 1672 958 1704 988; x_wconf 89' lang='lat' dir='ltr'>la</span> <span class='ocrx_word' id='word_1_374' title='bbox 1721 958 1847 989; x_wconf 82' lang='lat' dir='ltr'>Ghiesa</span> <span class='ocrx_word' id='word_1_375' title='bbox 1870 964 1904 989; x_wconf 90' lang='lat' dir='ltr'>et</span> <span class='ocrx_word' id='word_1_376' title='bbox 1924 969 1986 999; x_wconf 87' lang='lat' dir='ltr'>per</span> <span class='ocrx_word' id='word_1_377' title='bbox 2010 959 2018 988; x_wconf 93' lang='lat' dir='ltr'>i</span> <span class='ocrx_word' id='word_1_378' title='bbox 2046 958 2210 1000; x_wconf 84' lang='lat' dir='ltr'>colligadi</span> <span class='ocrx_word' id='word_1_379' title='bbox 2227 958 2262 988; x_wconf 91' lang='lat' dir='ltr'>in</span> 
     </span>
     <span class='ocr_line' id='line_1_71' title="bbox 1426 1010 2263 1054; baseline 0.001 -13"><span class='ocrx_word' id='word_1_380' title='bbox 1426 1010 1605 1052; x_wconf 78' lang='lat' dir='ltr'>perseguir</span> <span class='ocrx_word' id='word_1_381' title='bbox 1617 1010 1649 1041; x_wconf 87' lang='lat' dir='ltr'>la</span> <span class='ocrx_word' id='word_1_382' title='bbox 1665 1020 1801 1053; x_wconf 82' lang='lat' dir='ltr'>guerra,</span> <span class='ocrx_word' id='word_1_383' title='bbox 1817 1010 1844 1042; x_wconf 79' lang='lat' dir='ltr'>si</span> <span class='ocrx_word' id='word_1_384' title='bbox 1860 1011 2012 1042; x_wconf 88' lang='lat' dir='ltr'>etiandio</span> <span class='ocrx_word' id='word_1_385' title='bbox 2029 1021 2092 1052; x_wconf 83' lang='lat' dir='ltr'>per</span> <span class='ocrx_word' id='word_1_386' title='bbox 2108 1011 2117 1041; x_wconf 87' lang='lat' dir='ltr'>i</span> <span class='ocrx_word' id='word_1_387' title='bbox 2135 1011 2263 1054; x_wconf 82' lang='lat' dir='ltr'>signori</span> 
     </span>
     <span class='ocr_line' id='line_1_72' title="bbox 1426 1063 2263 1106; baseline 0.004 -13"><span class='ocrx_word' id='word_1_388' title='bbox 1426 1063 1468 1094; x_wconf 87' lang='lat' dir='ltr'>de</span> <span class='ocrx_word' id='word_1_389' title='bbox 1486 1063 1636 1100; x_wconf 87' lang='lat' dir='ltr'>Mantoa‚</span> <span class='ocrx_word' id='word_1_390' title='bbox 1651 1063 1714 1094; x_wconf 87' lang='lat' dir='ltr'>che</span> <span class='ocrx_word' id='word_1_391' title='bbox 1732 1074 1790 1095; x_wconf 87' lang='lat' dir='ltr'>era</span> <span class='ocrx_word' id='word_1_392' title='bbox 1803 1064 1911 1106; x_wconf 88' lang='lat' dir='ltr'>ligadi</span> <span class='ocrx_word' id='word_1_393' title='bbox 1928 1075 1992 1096; x_wconf 91' lang='lat' dir='ltr'>con</span> <span class='ocrx_word' id='word_1_394' title='bbox 2011 1064 2020 1094; x_wconf 84' lang='lat' dir='ltr'>i</span> <span class='ocrx_word' id='word_1_395' title='bbox 2035 1064 2207 1106; x_wconf 84' lang='lat' dir='ltr'>colligadi,</span> <span class='ocrx_word' id='word_1_396' title='bbox 2220 1063 2263 1096; x_wconf 89' lang='lat' dir='ltr'>de</span> 
     </span>
     <span class='ocr_line' id='line_1_73' title="bbox 1427 1116 2265 1149; baseline 0.002 -3"><span class='ocrx_word' id='word_1_397' title='bbox 1427 1116 1491 1147; x_wconf 90' lang='lat' dir='ltr'>che</span> <span class='ocrx_word' id='word_1_398' title='bbox 1511 1117 1634 1147; x_wconf 90' lang='lat' dir='ltr'>mesier</span> <span class='ocrx_word' id='word_1_399' title='bbox 1658 1117 1816 1148; x_wconf 75' lang='lat' dir='ltr'>Bernabb</span> <span class='ocrx_word' id='word_1_400' title='bbox 1833 1117 1938 1149; x_wconf 86' lang='lat' dir='ltr'>molto</span> <span class='ocrx_word' id='word_1_401' title='bbox 1964 1128 1998 1148; x_wconf 85' lang='lat' dir='ltr'>se</span> <span class='ocrx_word' id='word_1_402' title='bbox 2027 1117 2191 1149; x_wconf 88' lang='lat' dir='ltr'>dubitava</span> <span class='ocrx_word' id='word_1_403' title='bbox 2208 1117 2265 1149; x_wconf 84' lang='lat' dir='ltr'>del</span> 
     </span>
     <span class='ocr_line' id='line_1_74' title="bbox 1425 1170 2267 1211; baseline 0.002 -12"><span class='ocrx_word' id='word_1_404' title='bbox 1425 1180 1463 1200; x_wconf 90' lang='lat' dir='ltr'>so</span> <span class='ocrx_word' id='word_1_405' title='bbox 1480 1170 1589 1207; x_wconf 67' lang='lat' dir='ltr'>mado,</span> <span class='ocrx_word' id='word_1_406' title='bbox 1607 1175 1640 1200; x_wconf 90' lang='lat' dir='ltr'>et</span> <span class='ocrx_word' id='word_1_407' title='bbox 1664 1170 1785 1201; x_wconf 86' lang='lat' dir='ltr'>siando</span> <span class='ocrx_word' id='word_1_408' title='bbox 1810 1171 1982 1202; x_wconf 86' lang='lat' dir='ltr'>mandado</span> <span class='ocrx_word' id='word_1_409' title='bbox 2007 1181 2069 1211; x_wconf 88' lang='lat' dir='ltr'>per</span> <span class='ocrx_word' id='word_1_410' title='bbox 2085 1170 2118 1201; x_wconf 91' lang='lat' dir='ltr'>la</span> <span class='ocrx_word' id='word_1_411' title='bbox 2135 1170 2267 1202; x_wconf 88' lang='lat' dir='ltr'>Ghiesa</span> 
     </span>
     <span class='ocr_line' id='line_1_75' title="bbox 1427 1222 2266 1264; baseline 0 -11"><span class='ocrx_word' id='word_1_412' title='bbox 1427 1227 1461 1253; x_wconf 90' lang='lat' dir='ltr'>et</span> <span class='ocrx_word' id='word_1_413' title='bbox 1474 1232 1537 1263; x_wconf 87' lang='lat' dir='ltr'>per</span> <span class='ocrx_word' id='word_1_414' title='bbox 1553 1222 1562 1252; x_wconf 89' lang='lat' dir='ltr'>i</span> <span class='ocrx_word' id='word_1_415' title='bbox 1579 1222 1740 1263; x_wconf 77' lang='lat' dir='ltr'>colligadi</span> <span class='ocrx_word' id='word_1_416' title='bbox 1756 1228 1790 1254; x_wconf 85' lang='lat' dir='ltr'>et</span> <span class='ocrx_word' id='word_1_417' title='bbox 1807 1222 1960 1254; x_wconf 83' lang='lat' dir='ltr'>etiandio</span> <span class='ocrx_word' id='word_1_418' title='bbox 1975 1233 2035 1264; x_wconf 87' lang='lat' dir='ltr'>per</span> <span class='ocrx_word' id='word_1_419' title='bbox 2047 1223 2169 1254; x_wconf 81' lang='lat' dir='ltr'>mesier</span> <span class='ocrx_word' id='word_1_420' title='bbox 2184 1223 2266 1254; x_wconf 89' lang='lat' dir='ltr'>Ber-</span> 
     </span>
     <span class='ocr_line' id='line_1_76' title="bbox 1426 1274 2266 1317; baseline 0.001 -12"><span class='ocrx_word' id='word_1_421' title='bbox 1426 1275 1516 1306; x_wconf 75' lang='lat' dir='ltr'>nabb</span> <span class='ocrx_word' id='word_1_422' title='bbox 1540 1284 1576 1305; x_wconf 87' lang='lat' dir='ltr'>so</span> <span class='ocrx_word' id='word_1_423' title='bbox 1600 1274 1796 1308; x_wconf 84' lang='lat' dir='ltr'>ambaxaori</span> <span class='ocrx_word' id='word_1_424' title='bbox 1820 1275 1851 1307; x_wconf 90' lang='lat' dir='ltr'>al</span> <span class='ocrx_word' id='word_1_425' title='bbox 1872 1286 1962 1317; x_wconf 89' lang='lat' dir='ltr'>papa</span> <span class='ocrx_word' id='word_1_426' title='bbox 1985 1287 2086 1307; x_wconf 85' lang='lat' dir='ltr'>sovra</span> <span class='ocrx_word' id='word_1_427' title='bbox 2109 1277 2141 1307; x_wconf 90' lang='lat' dir='ltr'>el</span> <span class='ocrx_word' id='word_1_428' title='bbox 2157 1274 2266 1308; x_wconf 71' lang='lat' dir='ltr'>tracta</span> 
     </span>
     <span class='ocr_line' id='line_1_77' title="bbox 1428 1327 2266 1370; baseline 0.001 -11"><span class='ocrx_word' id='word_1_429' title='bbox 1428 1328 1519 1359; x_wconf 88' lang='lat' dir='ltr'>della</span> <span class='ocrx_word' id='word_1_430' title='bbox 1535 1337 1629 1368; x_wconf 87' lang='lat' dir='ltr'>pase,</span> <span class='ocrx_word' id='word_1_431' title='bbox 1645 1327 1676 1359; x_wconf 91' lang='lat' dir='ltr'>o&#39;</span> <span class='ocrx_word' id='word_1_432' title='bbox 1694 1328 1768 1360; x_wconf 84' lang='lat' dir='ltr'>drio</span> <span class='ocrx_word' id='word_1_433' title='bbox 1785 1329 1888 1360; x_wconf 88' lang='lat' dir='ltr'>molte</span> <span class='ocrx_word' id='word_1_434' title='bbox 1905 1335 1939 1360; x_wconf 87' lang='lat' dir='ltr'>et</span> <span class='ocrx_word' id='word_1_435' title='bbox 1955 1328 2049 1360; x_wconf 88' lang='lat' dir='ltr'>varie</span> <span class='ocrx_word' id='word_1_436' title='bbox 2066 1329 2184 1361; x_wconf 81' lang='lat' dir='ltr'>fiction</span> <span class='ocrx_word' id='word_1_437' title='bbox 2203 1339 2266 1370; x_wconf 87' lang='lat' dir='ltr'>per</span> 
     </span>
     <span class='ocr_line' id='line_1_78' title="bbox 1427 1381 2267 1422; baseline 0.002 -10"><span class='ocrx_word' id='word_1_438' title='bbox 1427 1388 1524 1422; x_wconf 83' lang='lat' dir='ltr'>parte</span> <span class='ocrx_word' id='word_1_439' title='bbox 1543 1381 1600 1412; x_wconf 86' lang='lat' dir='ltr'>del</span> <span class='ocrx_word' id='word_1_440' title='bbox 1617 1382 1710 1413; x_wconf 83' lang='lat' dir='ltr'>dicto</span> <span class='ocrx_word' id='word_1_441' title='bbox 1726 1381 1850 1414; x_wconf 86' lang='lat' dir='ltr'>mesier</span> <span class='ocrx_word' id='word_1_442' title='bbox 1872 1381 2032 1414; x_wconf 76' lang='lat' dir='ltr'>Bernabo</span> <span class='ocrx_word' id='word_1_443' title='bbox 2055 1392 2120 1414; x_wconf 89' lang='lat' dir='ltr'>con</span> <span class='ocrx_word' id='word_1_444' title='bbox 2135 1382 2267 1414; x_wconf 87' lang='lat' dir='ltr'>instan-</span> 
     </span>
     <span class='ocr_line' id='line_1_79' title="bbox 1428 1433 2267 1477; baseline 0.001 -12"><span class='ocrx_word' id='word_1_445' title='bbox 1428 1434 1482 1465; x_wconf 87' lang='lat' dir='ltr'>cia</span> <span class='ocrx_word' id='word_1_446' title='bbox 1498 1433 1723 1476; x_wconf 80' lang='lat' dir='ltr'>grandissima</span> <span class='ocrx_word' id='word_1_447' title='bbox 1739 1435 1782 1466; x_wconf 87' lang='lat' dir='ltr'>de</span> <span class='ocrx_word' id='word_1_448' title='bbox 1804 1435 1920 1477; x_wconf 82' lang='lat' dir='ltr'>alguni</span> <span class='ocrx_word' id='word_1_449' title='bbox 1939 1435 2117 1473; x_wconf 82' lang='lat' dir='ltr'>cardinali,</span> <span class='ocrx_word' id='word_1_450' title='bbox 2134 1436 2198 1467; x_wconf 88' lang='lat' dir='ltr'>che</span> <span class='ocrx_word' id='word_1_451' title='bbox 2216 1435 2267 1466; x_wconf 84' lang='lat' dir='ltr'>fa-</span> 
     </span>
     <span class='ocr_line' id='line_1_80' title="bbox 1428 1487 2266 1528; baseline 0.001 -10"><span class='ocrx_word' id='word_1_452' title='bbox 1428 1497 1598 1528; x_wconf 77' lang='lat' dir='ltr'>vorecava</span> <span class='ocrx_word' id='word_1_453' title='bbox 1614 1487 1646 1518; x_wconf 87' lang='lat' dir='ltr'>el</span> <span class='ocrx_word' id='word_1_454' title='bbox 1671 1487 1866 1519; x_wconf 82' lang='lat' dir='ltr'>sovradicto</span> <span class='ocrx_word' id='word_1_455' title='bbox 1888 1488 2013 1519; x_wconf 88' lang='lat' dir='ltr'>mesier</span> <span class='ocrx_word' id='word_1_456' title='bbox 2035 1487 2205 1525; x_wconf 73' lang='lat' dir='ltr'>Bernabb,</span> <span class='ocrx_word' id='word_1_457' title='bbox 2229 1488 2266 1519; x_wconf 85' lang='lat' dir='ltr'>fo</span> 
     </span>
     <span class='ocr_line' id='line_1_81' title="bbox 1430 1539 2266 1583; baseline 0.001 -13"><span class='ocrx_word' id='word_1_458' title='bbox 1430 1540 1567 1571; x_wconf 88' lang='lat' dir='ltr'>habudo</span> <span class='ocrx_word' id='word_1_459' title='bbox 1584 1539 1691 1571; x_wconf 76' lang='lat' dir='ltr'>tracta</span> <span class='ocrx_word' id='word_1_460' title='bbox 1709 1540 1751 1571; x_wconf 88' lang='lat' dir='ltr'>de</span> <span class='ocrx_word' id='word_1_461' title='bbox 1767 1550 1849 1581; x_wconf 82' lang='lat' dir='ltr'>pase</span> <span class='ocrx_word' id='word_1_462' title='bbox 1861 1540 1895 1571; x_wconf 88' lang='lat' dir='ltr'>in</span> <span class='ocrx_word' id='word_1_463' title='bbox 1909 1540 2130 1577; x_wconf 87' lang='lat' dir='ltr'>Lombardia,</span> <span class='ocrx_word' id='word_1_464' title='bbox 2143 1540 2173 1571; x_wconf 91' lang='lat' dir='ltr'>la</span> <span class='ocrx_word' id='word_1_465' title='bbox 2186 1540 2266 1583; x_wconf 85' lang='lat' dir='ltr'>qual</span> 
     </span>
     <span class='ocr_line' id='line_1_82' title="bbox 1428 1593 2267 1634; baseline 0 -10"><span class='ocrx_word' id='word_1_466' title='bbox 1428 1594 1532 1634; x_wconf 76' lang='lat' dir='ltr'>perco</span> <span class='ocrx_word' id='word_1_467' title='bbox 1556 1604 1591 1625; x_wconf 86' lang='lat' dir='ltr'>se</span> <span class='ocrx_word' id='word_1_468' title='bbox 1616 1593 1760 1625; x_wconf 85' lang='lat' dir='ltr'>dovesse</span> <span class='ocrx_word' id='word_1_469' title='bbox 1792 1594 1980 1626; x_wconf 77' lang='lat' dir='ltr'>concluder</span> <span class='ocrx_word' id='word_1_470' title='bbox 2007 1604 2071 1625; x_wconf 89' lang='lat' dir='ltr'>con</span> <span class='ocrx_word' id='word_1_471' title='bbox 2104 1593 2267 1626; x_wconf 83' lang='lat' dir='ltr'>consinti-</span> 
     </span>
     <span class='ocr_line' id='line_1_83' title="bbox 1430 1646 2277 1689; baseline 0 -12"><span class='ocrx_word' id='word_1_472' title='bbox 1430 1653 1545 1679; x_wconf 89' lang='lat' dir='ltr'>mento</span> <span class='ocrx_word' id='word_1_473' title='bbox 1569 1647 1604 1678; x_wconf 89' lang='lat' dir='ltr'>di</span> <span class='ocrx_word' id='word_1_474' title='bbox 1621 1646 1786 1689; x_wconf 88' lang='lat' dir='ltr'>colligadi</span> <span class='ocrx_word' id='word_1_475' title='bbox 1801 1653 1835 1678; x_wconf 91' lang='lat' dir='ltr'>et</span> <span class='ocrx_word' id='word_1_476' title='bbox 1853 1656 1919 1678; x_wconf 91' lang='lat' dir='ltr'>con</span> <span class='ocrx_word' id='word_1_477' title='bbox 1934 1652 2055 1689; x_wconf 87' lang='lat' dir='ltr'>questa</span> <span class='ocrx_word' id='word_1_478' title='bbox 2072 1647 2277 1686; x_wconf 77' lang='lat' dir='ltr'>condicion;</span> 
     </span>
     <span class='ocr_line' id='line_1_84' title="bbox 1430 1698 2267 1741; baseline -0.002 -11"><span class='ocrx_word' id='word_1_479' title='bbox 1430 1699 1506 1736; x_wconf 84' lang='lat' dir='ltr'>che,</span> <span class='ocrx_word' id='word_1_480' title='bbox 1540 1698 1639 1740; x_wconf 81' lang='lat' dir='ltr'>nanci</span> <span class='ocrx_word' id='word_1_481' title='bbox 1663 1698 1727 1729; x_wconf 84' lang='lat' dir='ltr'>che</span> <span class='ocrx_word' id='word_1_482' title='bbox 1750 1709 1786 1729; x_wconf 87' lang='lat' dir='ltr'>se</span> <span class='ocrx_word' id='word_1_483' title='bbox 1810 1698 1962 1741; x_wconf 75' lang='lat' dir='ltr'>viguisse</span> <span class='ocrx_word' id='word_1_484' title='bbox 1986 1699 2017 1728; x_wconf 89' lang='lat' dir='ltr'>al</span> <span class='ocrx_word' id='word_1_485' title='bbox 2046 1698 2154 1730; x_wconf 72' lang='lat' dir='ltr'>tracta</span> <span class='ocrx_word' id='word_1_486' title='bbox 2175 1698 2267 1729; x_wconf 86' lang='lat' dir='ltr'>della</span> 
     </span>
     <span class='ocr_line' id='line_1_85' title="bbox 1430 1748 2267 1791; baseline -0.001 -10"><span class='ocrx_word' id='word_1_487' title='bbox 1430 1759 1524 1791; x_wconf 85' lang='lat' dir='ltr'>pase,</span> <span class='ocrx_word' id='word_1_488' title='bbox 1549 1749 1613 1780; x_wconf 89' lang='lat' dir='ltr'>che</span> <span class='ocrx_word' id='word_1_489' title='bbox 1630 1749 1752 1780; x_wconf 89' lang='lat' dir='ltr'>mesier</span> <span class='ocrx_word' id='word_1_490' title='bbox 1768 1748 1929 1781; x_wconf 79' lang='lat' dir='ltr'>Bernabo</span> <span class='ocrx_word' id='word_1_491' title='bbox 1953 1749 2042 1779; x_wconf 83' lang='lat' dir='ltr'>fesse</span> <span class='ocrx_word' id='word_1_492' title='bbox 2059 1749 2215 1790; x_wconf 88' lang='lat' dir='ltr'>deposito</span> <span class='ocrx_word' id='word_1_493' title='bbox 2233 1749 2267 1779; x_wconf 84' lang='lat' dir='ltr'>di</span> 
     </span>
     <span class='ocr_line' id='line_1_86' title="bbox 1432 1799 2268 1841; baseline -0.001 -9"><span class='ocrx_word' id='word_1_494' title='bbox 1432 1800 1563 1832; x_wconf 80' lang='lat' dir='ltr'>castelli</span> <span class='ocrx_word' id='word_1_495' title='bbox 1579 1805 1613 1831; x_wconf 89' lang='lat' dir='ltr'>et</span> <span class='ocrx_word' id='word_1_496' title='bbox 1632 1799 1666 1830; x_wconf 90' lang='lat' dir='ltr'>di</span> <span class='ocrx_word' id='word_1_497' title='bbox 1683 1799 1811 1841; x_wconf 80' lang='lat' dir='ltr'>luoghi‚</span> <span class='ocrx_word' id='word_1_498' title='bbox 1828 1799 1892 1831; x_wconf 89' lang='lat' dir='ltr'>che</span> <span class='ocrx_word' id='word_1_499' title='bbox 1910 1799 1976 1830; x_wconf 91' lang='lat' dir='ltr'>ello</span> <span class='ocrx_word' id='word_1_500' title='bbox 1992 1799 2101 1840; x_wconf 68' lang='lat' dir='ltr'>tignia</span> <span class='ocrx_word' id='word_1_501' title='bbox 2117 1810 2268 1841; x_wconf 86' lang='lat' dir='ltr'>occupa-</span> 
     </span>
     <span class='ocr_line' id='line_1_87' title="bbox 1431 1853 2268 1896; baseline -0.002 -9"><span class='ocrx_word' id='word_1_502' title='bbox 1431 1856 1478 1887; x_wconf 89' lang='lat' dir='ltr'>di.</span> <span class='ocrx_word' id='word_1_503' title='bbox 1502 1855 1536 1885; x_wconf 91' lang='lat' dir='ltr'>in</span> <span class='ocrx_word' id='word_1_504' title='bbox 1560 1854 1591 1886; x_wconf 91' lang='lat' dir='ltr'>le</span> <span class='ocrx_word' id='word_1_505' title='bbox 1608 1864 1686 1885; x_wconf 91' lang='lat' dir='ltr'>man</span> <span class='ocrx_word' id='word_1_506' title='bbox 1705 1853 1762 1884; x_wconf 90' lang='lat' dir='ltr'>del</span> <span class='ocrx_word' id='word_1_507' title='bbox 1779 1853 1944 1885; x_wconf 87' lang='lat' dir='ltr'>cardenal</span> <span class='ocrx_word' id='word_1_508' title='bbox 1960 1853 2004 1885; x_wconf 90' lang='lat' dir='ltr'>de</span> <span class='ocrx_word' id='word_1_509' title='bbox 2021 1854 2205 1896; x_wconf 86' lang='lat' dir='ltr'>Colognin,</span> <span class='ocrx_word' id='word_1_510' title='bbox 2223 1855 2268 1886; x_wconf 89' lang='lat' dir='ltr'>de</span> 
     </span>
     <span class='ocr_line' id='line_1_88' title="bbox 1431 1907 2269 1947; baseline -0.002 -6"><span class='ocrx_word' id='word_1_511' title='bbox 1431 1909 1487 1941; x_wconf 83' lang='lat' dir='ltr'>chi</span> <span class='ocrx_word' id='word_1_512' title='bbox 1501 1908 1532 1940; x_wconf 89' lang='lat' dir='ltr'>el</span> <span class='ocrx_word' id='word_1_513' title='bbox 1546 1914 1715 1940; x_wconf 86' lang='lat' dir='ltr'>mostrava</span> <span class='ocrx_word' id='word_1_514' title='bbox 1729 1909 1772 1940; x_wconf 87' lang='lat' dir='ltr'>de</span> <span class='ocrx_word' id='word_1_515' title='bbox 1787 1907 1922 1940; x_wconf 85' lang='lat' dir='ltr'>fidarse.</span> <span class='ocrx_word' id='word_1_516' title='bbox 1953 1909 1996 1940; x_wconf 82' lang='lat' dir='ltr'>Et</span> <span class='ocrx_word' id='word_1_517' title='bbox 2011 1909 2080 1940; x_wconf 76' lang='lat' dir='ltr'>cosi</span> <span class='ocrx_word' id='word_1_518' title='bbox 2098 1908 2269 1947; x_wconf 87' lang='lat' dir='ltr'>Androin,</span> 
     </span>
     <span class='ocr_line' id='line_1_89' title="bbox 1433 1961 2268 2004; baseline -0.001 -10"><span class='ocrx_word' id='word_1_519' title='bbox 1433 1962 1597 1994; x_wconf 88' lang='lat' dir='ltr'>cardenal</span> <span class='ocrx_word' id='word_1_520' title='bbox 1622 1962 1665 1993; x_wconf 88' lang='lat' dir='ltr'>de</span> <span class='ocrx_word' id='word_1_521' title='bbox 1689 1961 1870 2004; x_wconf 82' lang='lat' dir='ltr'>Colognin.</span> <span class='ocrx_word' id='word_1_522' title='bbox 1894 1962 1985 1993; x_wconf 74' lang='lat' dir='ltr'>ando</span> <span class='ocrx_word' id='word_1_523' title='bbox 2010 1972 2028 1992; x_wconf 90' lang='lat' dir='ltr'>a</span> <span class='ocrx_word' id='word_1_524' title='bbox 2053 1961 2160 1993; x_wconf 85' lang='lat' dir='ltr'>Milan</span> <span class='ocrx_word' id='word_1_525' title='bbox 2186 1967 2220 1993; x_wconf 85' lang='lat' dir='ltr'>et</span> <span class='ocrx_word' id='word_1_526' title='bbox 2243 1962 2268 1993; x_wconf 94' lang='grc'>11</span> 
     </span>
     <span class='ocr_line' id='line_1_90' title="bbox 1433 2013 2267 2048; baseline -0.002 -1"><span class='ocrx_word' id='word_1_527' title='bbox 1433 2015 1569 2048; x_wconf 68' lang='lat' dir='ltr'>absolve</span> <span class='ocrx_word' id='word_1_528' title='bbox 1593 2015 1718 2047; x_wconf 83' lang='lat' dir='ltr'>mesier</span> <span class='ocrx_word' id='word_1_529' title='bbox 1749 2013 1909 2045; x_wconf 78' lang='lat' dir='ltr'>Bernabo</span> <span class='ocrx_word' id='word_1_530' title='bbox 1937 2015 2027 2046; x_wconf 86' lang='lat' dir='ltr'>dalla</span> <span class='ocrx_word' id='word_1_531' title='bbox 2048 2016 2267 2047; x_wconf 88' lang='lat' dir='ltr'>condanason</span> 
     </span>
     <span class='ocr_line' id='line_1_91' title="bbox 1433 2067 2271 2106; baseline -0.002 -5"><span class='ocrx_word' id='word_1_532' title='bbox 1433 2068 1526 2101; x_wconf 85' lang='lat' dir='ltr'>della</span> <span class='ocrx_word' id='word_1_533' title='bbox 1545 2068 1690 2100; x_wconf 80' lang='lat' dir='ltr'>heresia.</span> <span class='ocrx_word' id='word_1_534' title='bbox 1715 2068 1866 2106; x_wconf 79' lang='lat' dir='ltr'>curando</span> <span class='ocrx_word' id='word_1_535' title='bbox 1890 2067 1919 2098; x_wconf 90' lang='lat' dir='ltr'>el</span> <span class='ocrx_word' id='word_1_536' title='bbox 1939 2068 2033 2099; x_wconf 89' lang='lat' dir='ltr'>dicto</span> <span class='ocrx_word' id='word_1_537' title='bbox 2049 2067 2173 2099; x_wconf 88' lang='lat' dir='ltr'>mesier</span> <span class='ocrx_word' id='word_1_538' title='bbox 2188 2068 2271 2099; x_wconf 87' lang='lat' dir='ltr'>Ber-</span> 
     </span>
     <span class='ocr_line' id='line_1_92' title="bbox 1433 2119 2270 2163; baseline 0 -11"><span class='ocrx_word' id='word_1_539' title='bbox 1433 2121 1522 2152; x_wconf 73' lang='lat' dir='ltr'>nabo</span> <span class='ocrx_word' id='word_1_540' title='bbox 1539 2121 1571 2152; x_wconf 89' lang='lat' dir='ltr'>la</span> <span class='ocrx_word' id='word_1_541' title='bbox 1588 2121 1710 2152; x_wconf 72' lang='lat' dir='ltr'>liberta</span> <span class='ocrx_word' id='word_1_542' title='bbox 1727 2119 1818 2151; x_wconf 89' lang='lat' dir='ltr'>della</span> <span class='ocrx_word' id='word_1_543' title='bbox 1835 2120 1975 2152; x_wconf 83' lang='lat' dir='ltr'>Ghiesa.</span> <span class='ocrx_word' id='word_1_544' title='bbox 2014 2121 2058 2152; x_wconf 90' lang='lat' dir='ltr'>Et</span> <span class='ocrx_word' id='word_1_545' title='bbox 2079 2121 2170 2162; x_wconf 89' lang='lat' dir='ltr'>dopo</span> <span class='ocrx_word' id='word_1_546' title='bbox 2189 2130 2270 2163; x_wconf 90' lang='lat' dir='ltr'>que-</span> 
     </span>
     <span class='ocr_line' id='line_1_93' title="bbox 1432 2172 2270 2206; baseline -0.001 0"><span class='ocrx_word' id='word_1_547' title='bbox 1432 2181 1486 2206; x_wconf 80' lang='lat' dir='ltr'>sto</span> <span class='ocrx_word' id='word_1_548' title='bbox 1503 2184 1614 2206; x_wconf 90' lang='lat' dir='ltr'>venne</span> <span class='ocrx_word' id='word_1_549' title='bbox 1637 2184 1656 2205; x_wconf 90' lang='lat' dir='ltr'>a</span> <span class='ocrx_word' id='word_1_550' title='bbox 1680 2172 1824 2204; x_wconf 88' lang='lat' dir='ltr'>Ferrara</span> <span class='ocrx_word' id='word_1_551' title='bbox 1849 2174 1881 2204; x_wconf 94' lang='lat' dir='ltr'>el</span> <span class='ocrx_word' id='word_1_552' title='bbox 1906 2174 2000 2205; x_wconf 85' lang='lat' dir='ltr'>dicto</span> <span class='ocrx_word' id='word_1_553' title='bbox 2020 2174 2184 2206; x_wconf 87' lang='lat' dir='ltr'>cardenal</span> <span class='ocrx_word' id='word_1_554' title='bbox 2203 2184 2270 2206; x_wconf 87' lang='lat' dir='ltr'>con</span> 
     </span>
     <span class='ocr_line' id='line_1_94' title="bbox 1434 2226 2271 2269; baseline -0.001 -10"><span class='ocrx_word' id='word_1_555' title='bbox 1434 2229 1562 2260; x_wconf 85' lang='lat' dir='ltr'>ordene</span> <span class='ocrx_word' id='word_1_556' title='bbox 1580 2228 1623 2259; x_wconf 86' lang='lat' dir='ltr'>de</span> <span class='ocrx_word' id='word_1_557' title='bbox 1647 2232 1724 2257; x_wconf 85' lang='lat' dir='ltr'>tuor</span> <span class='ocrx_word' id='word_1_558' title='bbox 1740 2226 1771 2256; x_wconf 88' lang='lat' dir='ltr'>le</span> <span class='ocrx_word' id='word_1_559' title='bbox 1795 2226 1929 2268; x_wconf 74' lang='lat' dir='ltr'>fortece</span> <span class='ocrx_word' id='word_1_560' title='bbox 1953 2228 2132 2268; x_wconf 84' lang='lat' dir='ltr'>occupade</span> <span class='ocrx_word' id='word_1_561' title='bbox 2156 2237 2221 2269; x_wconf 89' lang='lat' dir='ltr'>per</span> <span class='ocrx_word' id='word_1_562' title='bbox 2239 2227 2271 2258; x_wconf 96' lang='lat' dir='ltr'>lo</span> 
     </span>
     <span class='ocr_line' id='line_1_95' title="bbox 1434 2280 2271 2317; baseline -0.001 -3"><span class='ocrx_word' id='word_1_563' title='bbox 1434 2282 1630 2314; x_wconf 80' lang='lat' dir='ltr'>sovradicto</span> <span class='ocrx_word' id='word_1_564' title='bbox 1654 2281 1777 2311; x_wconf 87' lang='lat' dir='ltr'>mesier</span> <span class='ocrx_word' id='word_1_565' title='bbox 1800 2280 1968 2317; x_wconf 60' lang='lat' dir='ltr'>Bernaba,</span> <span class='ocrx_word' id='word_1_566' title='bbox 1993 2287 2026 2312; x_wconf 85' lang='lat' dir='ltr'>et</span> <span class='ocrx_word' id='word_1_567' title='bbox 2040 2281 2064 2312; x_wconf 77' lang='lat'>1¹1</span> <span class='ocrx_word' id='word_1_568' title='bbox 2087 2281 2218 2313; x_wconf 91' lang='lat' dir='ltr'>conlui</span> <span class='ocrx_word' id='word_1_569' title='bbox 2236 2282 2271 2313; x_wconf 82' lang='lat' dir='ltr'>fo</span> 
     </span>
     <span class='ocr_line' id='line_1_96' title="bbox 1435 2333 2272 2376; baseline -0.001 -10"><span class='ocrx_word' id='word_1_570' title='bbox 1435 2347 1453 2366; x_wconf 84' lang='lat' dir='ltr'>a</span> <span class='ocrx_word' id='word_1_571' title='bbox 1483 2335 1697 2376; x_wconf 73' lang='lat' dir='ltr'>pai-lamento</span> <span class='ocrx_word' id='word_1_572' title='bbox 1729 2333 1760 2364; x_wconf 85' lang='lat' dir='ltr'>el</span> <span class='ocrx_word' id='word_1_573' title='bbox 1793 2333 1974 2375; x_wconf 76' lang='lat' dir='ltr'>magnifico</span> <span class='ocrx_word' id='word_1_574' title='bbox 2005 2334 2121 2376; x_wconf 84' lang='lat' dir='ltr'>signor</span> <span class='ocrx_word' id='word_1_575' title='bbox 2150 2334 2272 2366; x_wconf 86' lang='lat' dir='ltr'>mesier</span> 
     </span>
     <span class='ocr_line' id='line_1_97' title="bbox 1434 2385 2272 2428; baseline -0.001 -9"><span class='ocrx_word' id='word_1_576' title='bbox 1434 2388 1627 2420; x_wconf 86' lang='lat' dir='ltr'>Francesco</span> <span class='ocrx_word' id='word_1_577' title='bbox 1644 2387 1688 2418; x_wconf 90' lang='lat' dir='ltr'>da</span> <span class='ocrx_word' id='word_1_578' title='bbox 1711 2385 1866 2425; x_wconf 85' lang='lat' dir='ltr'>Carrara,</span> <span class='ocrx_word' id='word_1_579' title='bbox 1892 2387 1900 2415; x_wconf 82' lang='lat' dir='ltr'>i</span> <span class='ocrx_word' id='word_1_580' title='bbox 1917 2386 2046 2428; x_wconf 67' lang='lat' dir='ltr'>signori</span> <span class='ocrx_word' id='word_1_581' title='bbox 2070 2387 2113 2418; x_wconf 85' lang='lat' dir='ltr'>de</span> <span class='ocrx_word' id='word_1_582' title='bbox 2130 2386 2272 2418; x_wconf 84' lang='lat' dir='ltr'>Mantoa</span> 
     </span>
     <span class='ocr_line' id='line_1_98' title="bbox 1435 2438 2272 2481; baseline -0.002 -9"><span class='ocrx_word' id='word_1_583' title='bbox 1435 2447 1469 2472; x_wconf 86' lang='lat' dir='ltr'>et</span> <span class='ocrx_word' id='word_1_584' title='bbox 1493 2439 1615 2470; x_wconf 84' lang='lat' dir='ltr'>mesier</span> <span class='ocrx_word' id='word_1_585' title='bbox 1639 2438 1768 2470; x_wconf 84' lang='lat' dir='ltr'>Feltrin</span> <span class='ocrx_word' id='word_1_586' title='bbox 1791 2438 1835 2469; x_wconf 88' lang='lat' dir='ltr'>da</span> <span class='ocrx_word' id='word_1_587' title='bbox 1861 2439 2038 2481; x_wconf 74' lang='lat' dir='ltr'>Goncaga,</span> <span class='ocrx_word' id='word_1_588' title='bbox 2062 2445 2097 2470; x_wconf 88' lang='lat' dir='ltr'>et</span> <span class='ocrx_word' id='word_1_589' title='bbox 2122 2440 2142 2470; x_wconf 92' lang='grc'>11</span> <span class='ocrx_word' id='word_1_590' title='bbox 2167 2450 2211 2471; x_wconf 91' lang='lat' dir='ltr'>no</span> <span class='ocrx_word' id='word_1_591' title='bbox 2235 2439 2272 2470; x_wconf 82' lang='lat' dir='ltr'>fo</span> 
     </span>
     <span class='ocr_line' id='line_1_99' title="bbox 1435 2491 2271 2534; baseline -0.001 -10"><span class='ocrx_word' id='word_1_592' title='bbox 1435 2493 1538 2534; x_wconf 62' lang='lat' dir='ltr'>perci&gt;</span> <span class='ocrx_word' id='word_1_593' title='bbox 1556 2493 1649 2523; x_wconf 81' lang='lat' dir='ltr'>dicto</span> <span class='ocrx_word' id='word_1_594' title='bbox 1668 2491 1791 2534; x_wconf 87' lang='lat' dir='ltr'>alguna</span> <span class='ocrx_word' id='word_1_595' title='bbox 1816 2501 1895 2522; x_wconf 89' lang='lat' dir='ltr'>cosa</span> <span class='ocrx_word' id='word_1_596' title='bbox 1913 2492 2006 2522; x_wconf 85' lang='lat' dir='ltr'>della</span> <span class='ocrx_word' id='word_1_597' title='bbox 2022 2502 2114 2533; x_wconf 87' lang='lat' dir='ltr'>pase,</span> <span class='ocrx_word' id='word_1_598' title='bbox 2138 2502 2192 2522; x_wconf 88' lang='lat' dir='ltr'>ma</span> <span class='ocrx_word' id='word_1_599' title='bbox 2216 2492 2271 2532; x_wconf 85' lang='lat' dir='ltr'>po&#39;</span> 
     </span>
     <span class='ocr_line' id='line_1_100' title="bbox 1433 2543 2271 2587; baseline -0.001 -10"><span class='ocrx_word' id='word_1_600' title='bbox 1433 2546 1461 2577; x_wconf 79' lang='lat' dir='ltr'>si</span> <span class='ocrx_word' id='word_1_601' title='bbox 1484 2557 1503 2577; x_wconf 88' lang='lat' dir='ltr'>a</span> <span class='ocrx_word' id='word_1_602' title='bbox 1522 2545 1690 2587; x_wconf 77' lang='lat' dir='ltr'>Bologna,</span> <span class='ocrx_word' id='word_1_603' title='bbox 1712 2543 1874 2574; x_wconf 87' lang='lat' dir='ltr'>recevudi</span> <span class='ocrx_word' id='word_1_604' title='bbox 1899 2544 2007 2585; x_wconf 85' lang='lat' dir='ltr'>prima</span> <span class='ocrx_word' id='word_1_605' title='bbox 2029 2544 2064 2574; x_wconf 88' lang='lat' dir='ltr'>in</span> <span class='ocrx_word' id='word_1_606' title='bbox 2088 2543 2271 2585; x_wconf 88' lang='lat' dir='ltr'>depositoi</span> 
     </span>
     <span class='ocr_line' id='line_1_101' title="bbox 1433 2596 2273 2641; baseline -0.002 -11"><span class='ocrx_word' id='word_1_607' title='bbox 1433 2599 1550 2641; x_wconf 87' lang='lat' dir='ltr'>luoghi</span> <span class='ocrx_word' id='word_1_608' title='bbox 1568 2603 1603 2628; x_wconf 89' lang='lat' dir='ltr'>et</span> <span class='ocrx_word' id='word_1_609' title='bbox 1626 2596 1767 2633; x_wconf 85' lang='lat' dir='ltr'>castelli,</span> <span class='ocrx_word' id='word_1_610' title='bbox 1785 2597 1957 2637; x_wconf 81' lang='lat' dir='ltr'>occupadi</span> <span class='ocrx_word' id='word_1_611' title='bbox 1975 2607 2034 2638; x_wconf 89' lang='lat' dir='ltr'>per</span> <span class='ocrx_word' id='word_1_612' title='bbox 2050 2597 2174 2628; x_wconf 85' lang='lat' dir='ltr'>mesier</span> <span class='ocrx_word' id='word_1_613' title='bbox 2190 2597 2273 2628; x_wconf 83' lang='lat' dir='ltr'>Ber-</span> 
     </span>
     <span class='ocr_line' id='line_1_102' title="bbox 1434 2649 2274 2691; baseline -0.004 -8"><span class='ocrx_word' id='word_1_614' title='bbox 1434 2651 1534 2687; x_wconf 73' lang='lat' dir='ltr'>nabb,</span> <span class='ocrx_word' id='word_1_615' title='bbox 1558 2661 1620 2691; x_wconf 89' lang='lat' dir='ltr'>per</span> <span class='ocrx_word' id='word_1_616' title='bbox 1643 2650 1769 2680; x_wconf 87' lang='lat' dir='ltr'>mesier</span> <span class='ocrx_word' id='word_1_617' title='bbox 1792 2649 1825 2680; x_wconf 94' lang='lat' dir='ltr'>lo</span> <span class='ocrx_word' id='word_1_618' title='bbox 1850 2650 2012 2681; x_wconf 88' lang='lat' dir='ltr'>cardenal</span> <span class='ocrx_word' id='word_1_619' title='bbox 2041 2660 2107 2681; x_wconf 87' lang='lat' dir='ltr'>con</span> <span class='ocrx_word' id='word_1_620' title='bbox 2132 2650 2141 2680; x_wconf 92' lang='lat' dir='ltr'>i</span> <span class='ocrx_word' id='word_1_621' title='bbox 2176 2649 2274 2681; x_wconf 90' lang='lat' dir='ltr'>colli-</span> 
     </span>
     <span class='ocr_line' id='line_1_103' title="bbox 1433 2703 2273 2747; baseline -0.002 -11"><span class='ocrx_word' id='word_1_622' title='bbox 1433 2705 1525 2747; x_wconf 87' lang='lat' dir='ltr'>gadi‚</span> <span class='ocrx_word' id='word_1_623' title='bbox 1550 2705 1585 2735; x_wconf 80' lang='lat' dir='ltr'>fo</span> <span class='ocrx_word' id='word_1_624' title='bbox 1603 2703 1818 2745; x_wconf 81' lang='lat' dir='ltr'>comencado</span> <span class='ocrx_word' id='word_1_625' title='bbox 1841 2703 1874 2735; x_wconf 92' lang='lat' dir='ltr'>el</span> <span class='ocrx_word' id='word_1_626' title='bbox 1894 2704 2045 2735; x_wconf 85' lang='lat' dir='ltr'>trattado</span> <span class='ocrx_word' id='word_1_627' title='bbox 2068 2703 2161 2735; x_wconf 82' lang='lat' dir='ltr'>della</span> <span class='ocrx_word' id='word_1_628' title='bbox 2179 2713 2273 2745; x_wconf 83' lang='lat' dir='ltr'>pase,</span> 
     </span>
     <span class='ocr_line' id='line_1_104' title="bbox 1435 2757 2272 2800; baseline -0.004 -10"><span class='ocrx_word' id='word_1_629' title='bbox 1435 2759 1466 2790; x_wconf 90' lang='lat' dir='ltr'>el</span> <span class='ocrx_word' id='word_1_630' title='bbox 1491 2759 1569 2800; x_wconf 92' lang='lat' dir='ltr'>qual</span> <span class='ocrx_word' id='word_1_631' title='bbox 1594 2757 1680 2788; x_wconf 77' lang='lat' dir='ltr'>duro</span> <span class='ocrx_word' id='word_1_632' title='bbox 1704 2767 1749 2787; x_wconf 89' lang='lat' dir='ltr'>un</span> <span class='ocrx_word' id='word_1_633' title='bbox 1773 2767 1876 2788; x_wconf 85' lang='lat' dir='ltr'>mese.</span> <span class='ocrx_word' id='word_1_634' title='bbox 1924 2757 1983 2788; x_wconf 89' lang='lat' dir='ltr'>Ma</span> <span class='ocrx_word' id='word_1_635' title='bbox 2000 2758 2056 2798; x_wconf 85' lang='lat' dir='ltr'>po’</span> <span class='ocrx_word' id='word_1_636' title='bbox 2072 2768 2091 2788; x_wconf 87' lang='lat' dir='ltr'>a</span> <span class='ocrx_word' id='word_1_637' title='bbox 2108 2757 2143 2789; x_wconf 79' lang='lat' dir='ltr'>dl</span> <span class='ocrx_word' id='word_1_638' title='bbox 2167 2757 2211 2789; x_wconf 89' lang='lat' dir='ltr'>tri</span> <span class='ocrx_word' id='word_1_639' title='bbox 2229 2757 2272 2788; x_wconf 91' lang='lat' dir='ltr'>de</span> 
     </span>
     <span class='ocr_line' id='line_1_105' title="bbox 1434 2811 2274 2854; baseline -0.004 -11"><span class='ocrx_word' id='word_1_640' title='bbox 1434 2822 1549 2854; x_wconf 77' lang='lat' dir='ltr'>marco</span> <span class='ocrx_word' id='word_1_641' title='bbox 1567 2821 1628 2852; x_wconf 85' lang='lat' dir='ltr'>per</span> <span class='ocrx_word' id='word_1_642' title='bbox 1644 2811 1811 2842; x_wconf 87' lang='lat' dir='ltr'>industria</span> <span class='ocrx_word' id='word_1_643' title='bbox 1826 2817 1860 2842; x_wconf 90' lang='lat' dir='ltr'>et</span> <span class='ocrx_word' id='word_1_644' title='bbox 1883 2811 2103 2842; x_wconf 71' lang='lat' dir='ltr'>solicitudine</span> <span class='ocrx_word' id='word_1_645' title='bbox 2127 2811 2184 2843; x_wconf 89' lang='lat' dir='ltr'>del</span> <span class='ocrx_word' id='word_1_646' title='bbox 2200 2821 2274 2842; x_wconf 86' lang='lat' dir='ltr'>car-</span> 
     </span>
     <span class='ocr_line' id='line_1_106' title="bbox 1435 2866 2273 2907; baseline -0.004 -10"><span class='ocrx_word' id='word_1_647' title='bbox 1435 2868 1535 2898; x_wconf 86' lang='lat' dir='ltr'>denal</span> <span class='ocrx_word' id='word_1_648' title='bbox 1547 2867 1662 2907; x_wconf 84' lang='lat' dir='ltr'>legato</span> <span class='ocrx_word' id='word_1_649' title='bbox 1675 2867 1709 2897; x_wconf 85' lang='lat' dir='ltr'>la</span> <span class='ocrx_word' id='word_1_650' title='bbox 1721 2876 1802 2907; x_wconf 82' lang='lat' dir='ltr'>pase</span> <span class='ocrx_word' id='word_1_651' title='bbox 1817 2867 1861 2897; x_wconf 83' lang='lat' dir='ltr'>da</span> <span class='ocrx_word' id='word_1_652' title='bbox 1874 2866 1954 2907; x_wconf 83' lang='lat' dir='ltr'>ogni</span> <span class='ocrx_word' id='word_1_653' title='bbox 1967 2871 2064 2906; x_wconf 86' lang='lat' dir='ltr'>parte</span> <span class='ocrx_word' id='word_1_654' title='bbox 2080 2866 2115 2896; x_wconf 83' lang='lat' dir='ltr'>fo</span> <span class='ocrx_word' id='word_1_655' title='bbox 2126 2874 2273 2906; x_wconf 90' lang='lat' dir='ltr'>pronun-</span> 
     </span>
    </p>
   </div>
  </div>
 </body>
</html>
