2422 3684
505 283 676 319 GESTA
706 283 1009 320 MAGNIFICA
1040 283 1227 320 DOMUS
1257 283 1646 319 CARRARIENSIS

478 418 618 449 REDAz.
644 420 674 448 A

153 490 285 532 gnifico
309 489 450 523 domino
472 488 673 531 pecuniaria
696 488 852 525 dacione,
866 499 995 520 moram

154 553 220 585 que
245 543 380 574 modica
404 542 479 579 fuit,
503 548 648 573 traxere.

239 914 314 945 264.
333 933 373 938 —
390 913 561 946 Similiter
576 919 610 945 et
627 914 838 945 clunicensis
864 914 996 956 legatus

152 967 194 998 ab
219 967 293 1009 ipso
318 967 507 1010 magnifico
531 967 671 998 domino
696 966 836 998 domino
854 967 995 998 Franci-

150 1031 210 1052 sco
234 1021 278 1053 de
301 1020 461 1052 Carraria
486 1026 606 1051 contra
629 1021 739 1061 ipsum
765 1018 902 1051 Austrie
935 1021 996 1051 du·
1020 1018 1023 1021 ’

152 1085 226 1105 cem
251 1075 294 1105 de
318 1073 486 1115 suppedio
511 1072 694 1115 requisitus
717 1078 750 1103 et
775 1072 808 1103 in
835 1072 932 1103 cuius
963 1079 996 1104 et

150 1127 308 1159 Ecclesie
333 1126 508 1168 obsequiis
523 1126 597 1167 ipse
613 1125 821 1169 magnificus
839 1125 996 1158 dominus

150 1179 219 1210 suis
242 1177 439 1209 discrimine
467 1183 500 1208 et
530 1177 721 1218 sumptibus
752 1184 849 1210 tanta
881 1184 914 1210 et
945 1185 996 1210 tot

150 1232 299 1266 fecerat,
321 1230 432 1271 primo
458 1230 575 1262 fronte
598 1231 666 1262 leta
693 1231 876 1272 respondit
906 1232 996 1263 velle

150 1294 186 1316 se
204 1284 237 1315 in
253 1283 420 1321 omnibus,
437 1293 502 1325 que
518 1283 594 1325 ipse
611 1284 822 1326 magnificus
838 1285 996 1316 dominus

149 1337 356 1379 requirebat,
381 1336 630 1378 obtemperare,
647 1347 788 1379 remque
804 1337 839 1368 in
855 1337 994 1379 longum

149 1390 367 1432 protrahens,
383 1388 524 1421 tandem
541 1395 619 1431 post
642 1390 787 1422 bellicos
812 1391 946 1422 furores
963 1396 996 1422 et

150 1443 232 1475 hinc
254 1443 335 1474 inde
359 1443 509 1474 indictas
524 1442 682 1475 inducias
700 1443 878 1475 dimidium
896 1443 995 1484 petiti

149 1495 320 1537 suppedii,
344 1495 507 1527 videlicet
523 1495 709 1528 banderias
726 1497 887 1539 quinque,
904 1497 997 1528 misit

149 1549 264 1581 eidem
296 1549 447 1581 domino.
495 1549 686 1582 Ferebatur
717 1550 811 1581 enim
842 1551 993 1592 legatum

147 1603 258 1644 ipsum
284 1603 359 1634 fore
383 1602 481 1634 ducis
503 1602 609 1644 ipsius
639 1603 860 1635 actinentem.

237 1815 311 1847 265.
338 1833 377 1838 -
403 1815 480 1847 Hoc
505 1815 645 1858 quidem
677 1821 834 1856 tempore
866 1826 994 1857 prepo-

148 1870 230 1901 situs
253 1868 493 1905 transilvanus‚
516 1868 608 1910 regis
632 1867 808 1910 Hungarie
835 1869 993 1907 nuncius,

149 1923 208 1964 qui
230 1922 266 1954 in
289 1921 443 1954 tirolensi
468 1927 683 1953 remanserat
710 1922 874 1953 comitatu
907 1928 994 1954 treu-

147 1986 232 2019 guas
257 1975 337 2007 hinc
360 1974 441 2007 inde
459 1975 625 2011 facturus
646 1982 821 2006 asserente
846 1976 993 2008 consilio

148 2028 320 2070 Leopoldi
353 2027 451 2059 ducis
486 2038 553 2059 non
582 2038 682 2069 posse
719 2027 828 2069 ipsum
865 2028 993 2070 absque

147 2083 300 2115 sciencia
317 2082 446 2113 domini
463 2080 682 2113 Bernabonis
699 2087 878 2123 treuguam
896 2083 993 2119 inire,

150 2147 226 2168 cum
247 2136 357 2167 milite
376 2136 515 2167 domino
535 2134 698 2166 Conrado
716 2135 845 2172 Craier‚
862 2147 931 2167 uno
952 2146 994 2167 ex

149 2189 355 2221 consiliariis
379 2189 485 2230 ipsius
509 2189 616 2225 ducis,
646 2188 883 2219 Mediolanum
915 2199 993 2230 pro-

148 2243 262 2275 fectus
285 2247 347 2279 est,
378 2242 496 2284 ibique
527 2241 593 2282 ipsi
625 2241 764 2273 domino
796 2242 992 2273 Bernaboni

149 2296 330 2338 legacione
355 2295 511 2337 exposita
533 2295 628 2338 regia
642 2300 677 2326 et
693 2294 766 2325 eius
783 2295 992 2332 intencione,

149 2360 215 2391 que
238 2355 323 2385 erat,
346 2349 439 2390 quod
463 2348 489 2379 si
521 2348 594 2389 ipse
626 2348 783 2380 dominus
815 2347 992 2379 Bernabos

148 2402 278 2445 aliquid
302 2401 481 2433 moliretur
497 2407 618 2433 contra
633 2400 743 2442 ipsum
765 2401 993 2441 magnificum

149 2456 335 2492 dominum,
360 2455 454 2497 quod
479 2465 521 2485 ex
544 2465 636 2486 nunc
659 2454 732 2495 ipse
758 2453 917 2484 dominus
933 2464 992 2484 rex

148 2510 258 2551 ipsum
283 2507 470 2540 diffidabat.
516 2508 622 2545 Quod
638 2507 772 2545 timens,
789 2506 861 2547 ipse
885 2506 994 2537 domi-

149 2572 211 2593 nus
236 2560 414 2593 Bernabos
436 2560 472 2591 in
497 2560 696 2592 indicendis
726 2560 880 2603 treuguis
902 2560 994 2603 regis

149 2615 269 2646 annuit
291 2615 391 2646 votis.
439 2614 536 2651 Quas
559 2619 722 2656 treuguas
738 2614 813 2655 ipse
830 2613 992 2656 magnifi-

150 2678 211 2699 cus
235 2667 396 2700 dominus
413 2667 494 2698 fieri
510 2666 653 2708 petebat
674 2678 781 2710 usque
798 2668 842 2698 ad
868 2668 992 2699 festum

150 2720 323 2753 dominice
347 2719 547 2751 nativitatis.
593 2720 671 2751 Dux
694 2730 777 2752 vero
793 2719 993 2762 Leopoldus

150 2774 242 2805 dicte
266 2779 411 2815 treugue
435 2772 600 2804 assentire
624 2773 764 2805 nolebat
795 2773 861 2804 nisi
884 2784 992 2815 usque

150 2827 194 2857 ad
218 2826 308 2858 diem
334 2835 401 2857 xm
426 2826 551 2857 mensis
568 2826 731 2867 octubris,
748 2836 903 2858 asserens
921 2827 991 2857 fra-

151 2885 234 2910 trem
257 2890 353 2910 suum
378 2879 503 2910 adiisse
531 2879 746 2921 presenciam
779 2879 920 2921 regiam,
943 2879 990 2910 ibi

151 2937 186 2962 ut
210 2942 270 2962 rex
292 2931 366 2973 ipse
391 2932 568 2970 decernet,
599 2931 666 2963 suis
697 2932 868 2964 mandatis
899 2933 991 2974 pari-

243 3055 281 3079 ¹9·
304 3049 448 3072 inndictas
469 3051 505 3073 ΑΙ

1064 966 1101 996 10

1065 1230 1099 1261 15

1057 1497 1099 1527 20

1058 1816 1097 1847 25

1058 2082 1098 2112 30

1058 2350 1096 2382 35

1058 2618 1098 2648 40

1057 2882 1096 2913 45

1484 416 1624 448 REDAZ.
1651 417 1681 448 D

1158 489 1331 527 damento,
1354 489 1419 519 che
1445 487 1501 519 elli
1527 498 1570 519 no
1596 487 1740 519 dovesse
1762 488 1949 520 chavalcar
1966 489 2002 520 in

1157 541 1378 578 Lombardia‚
1391 541 1434 571 ne
1453 541 1562 573 andar
1579 547 1701 572 contra
1718 542 1750 572 la
1770 541 1940 573 bandiera
1958 543 2001 574 de

1158 595 1282 626 mesier
1306 593 1473 626 Bernabo.
1512 593 1563 625 Le
1588 594 1665 636 qual
1692 600 1795 635 gente
1822 595 1909 626 assai
1934 595 2000 626 mal

1157 648 1193 678 in
1217 657 1309 678 arme
1327 652 1412 678 stete
1429 647 1465 678 in
1482 647 1586 684 pava,
1605 647 1655 677 fin
1675 647 1738 678 che
1758 647 1823 679 elle
1848 648 1884 680 fo
1901 657 2000 679 revo-

1158 701 1222 732 cha
1257 700 1313 732 dai
1346 701 1409 738 soi,
1433 700 1551 731 niente
1579 710 1657 730 men
1690 701 1865 732 recevudo
1889 700 2001 741 prima

1157 753 1213 785 dal
1239 753 1334 785 dicto
1359 753 1549 795 magnifico
1573 753 1692 794 signor
1707 752 1831 784 mesier
1849 753 1999 785 France-

1157 816 1215 837 sco
1240 805 1285 837 da
1309 806 1456 838 Carrara
1480 806 1549 837 don
1573 805 1617 836 de
1642 815 1687 837 no
1712 805 1825 846 pocha
1841 805 1999 837 moneda.

1245 914 1320 944 264.
1346 931 1385 934 —
1419 911 1633 944 Similmente
1667 912 1699 943 el
1730 912 1844 954 legato
1877 912 2001 943 mesier

1156 971 1200 1002 de
1231 967 1414 1010 Colognin‚
1453 966 1627 1008 requirido
1666 966 1708 996 de
1748 965 1903 996 subsidio
1943 965 1999 997 dal

1156 1022 1251 1054 dicto
1282 1020 1475 1064 magnifico
1499 1019 1616 1061 signos
1646 1019 1772 1049 mesier
1804 1018 2000 1050 Francesco

1156 1081 1278 1107 contra
1302 1074 1331 1104 el
1357 1073 1449 1104 dicto
1474 1073 1558 1104 duse
1583 1073 1626 1102 de
1644 1071 1812 1107 Ostorim,
1830 1071 1865 1102 in
1881 1071 2000 1102 servisi

1156 1128 1212 1160 del
1237 1126 1317 1169 qual
1343 1131 1377 1157 et
1393 1125 1486 1156 della
1502 1124 1630 1156 Ghiesa
1647 1124 1679 1155 el
1697 1125 1792 1155 dicto
1810 1124 2000 1165 magnifico

1154 1182 1270 1223 signor
1294 1190 1313 1210 a
1337 1190 1374 1211 so
1398 1188 1497 1219 spese
1522 1184 1555 1209 et
1580 1177 1736 1219 perigolo
1766 1177 1875 1208 havea
1908 1177 2000 1208 facte

1155 1240 1250 1266 tante
1276 1242 1367 1269 cose,
1391 1232 1458 1263 alla
1482 1231 1590 1273 prima
1614 1230 1786 1272 responde
1816 1240 1881 1263 con
1907 1230 2000 1261 volto

1154 1287 1288 1329 aliegro
1312 1285 1409 1317 voler
1433 1285 1487 1316 far
1510 1290 1595 1316 tutte
1619 1285 1650 1315 le
1675 1294 1767 1319 cose,
1791 1285 1856 1314 che
1888 1284 2001 1326 requi-

1154 1340 1229 1370 riva
1252 1339 1283 1369 el
1307 1339 1423 1380 signor
1447 1337 1573 1368 mesier
1589 1337 1796 1373 Francesm,
1814 1344 1848 1368 et
1864 1342 2001 1380 tragan-

1156 1393 1200 1424 do
1225 1392 1256 1422 la
1275 1402 1357 1423 cosa
1374 1391 1405 1421 in
1424 1391 1540 1432 longo,
1557 1389 1613 1431 po’
1631 1390 1695 1421 che
1714 1390 1749 1421 fo
1767 1390 1895 1431 compli
1915 1391 1998 1421 tucti

1154 1445 1164 1475 i
1188 1444 1315 1476 remori
1339 1450 1372 1475 et
1397 1443 1490 1474 facte
1517 1442 1547 1474 le
1573 1448 1694 1484 treuge
1719 1444 1762 1475 de
1788 1453 1855 1484 qua
1890 1449 1924 1474 et
1955 1444 1998 1475 de

1154 1498 1195 1534 la,
1221 1498 1252 1529 ie
1277 1497 1403 1528 mando
1427 1497 1460 1528 la
1484 1497 1565 1528 mita
1585 1496 1641 1528 del
1659 1497 1823 1534 subsidio,
1848 1498 1912 1528 che
1931 1497 1998 1529 ello

1154 1551 1186 1582 ie
1204 1549 1433 1587 domandava,
1458 1550 1519 1592 coe
1546 1549 1710 1581 bandiere
1729 1550 1857 1592 cinque
1875 1551 1918 1582 da
1943 1561 1999 1582 ca-

1154 1604 1256 1641 vallo,
1290 1602 1424 1635 benche
1449 1602 1470 1634 'l
1496 1603 1613 1645 vignia
1637 1603 1731 1635 dicto
1760 1604 1824 1634 che
1851 1603 1870 1634 'l
1904 1602 1997 1635 dicto

1154 1657 1276 1688 mesier
1299 1656 1343 1688 de
1367 1655 1539 1698 Colognin
1565 1666 1624 1687 era
1648 1662 1793 1697 parente
1819 1656 1874 1687 del
1903 1656 1997 1688 dicto

1155 1711 1250 1742 duse.

1242 1816 1316 1848 265.
1340 1834 1384 1839 —
1406 1816 1458 1846 En
1483 1820 1605 1858 questo
1629 1822 1745 1857 tempo
1770 1815 1802 1847 el
1822 1817 1997 1858 preposito

1153 1868 1351 1905 transilvan,
1375 1866 1561 1899 ambaxaor
1591 1866 1646 1898 del
1678 1880 1716 1900 re
1746 1870 1788 1901 de
1809 1869 1997 1912 Hongaria,

1154 1923 1185 1953 el
1210 1922 1290 1964 qual
1315 1931 1373 1952 era
1398 1931 1534 1952 remaso
1559 1921 1592 1950 in
1620 1921 1650 1952 lo
1676 1923 1780 1954 conta
1811 1923 1866 1954 del
1898 1923 1996 1954 Tiral

1154 1986 1216 2018 per
1240 1976 1295 2006 far
1320 1975 1351 2006 la
1374 1981 1496 2018 treuga
1520 1980 1570 2005 tra
1596 1974 1615 2005 'l
1633 1975 1716 2006 duse
1742 1976 1785 2006 de
1810 1976 1995 2008 Ostoricho

1154 2040 1172 2060 e
1192 2029 1214 2060 ’1
1238 2028 1426 2070 magnifico
1450 2028 1567 2070 signor
1590 2028 1714 2059 mesier
1738 2029 1934 2060 Francesco
1952 2030 1996 2062 da

1154 2081 1312 2118 Carmra,
1337 2081 1491 2124 digando
1516 2081 1547 2112 el
1565 2081 1705 2112 conseio
1724 2082 1780 2113 del
1798 2082 1893 2114 dicto
1911 2083 1994 2114 duse

1154 2141 1274 2178 questa
1298 2140 1419 2176 treuga
1443 2143 1487 2165 no
1511 2143 1548 2164 se
1572 2144 1692 2174 posset
1716 2134 1771 2165 far
1794 2145 1896 2177 serica
1915 2146 1996 2167 con-

1153 2188 1305 2220 sciencia
1322 2188 1365 2218 de
1382 2197 1493 2218 meser
1510 2186 1679 2224 Bemabb,
1697 2188 1723 2219 si
1742 2189 1833 2220 ando
1846 2200 1867 2220 a
1886 2189 1995 2220 Milan

1153 2241 1325 2273 insembre
1341 2251 1405 2272 con
1418 2240 1545 2271 mesier
1561 2239 1650 2272 Cora
1664 2240 1794 2278 Graier,
1806 2253 1851 2272 un
1866 2242 1899 2273 di
1914 2252 1996 2273 con-

1153 2295 1255 2326 seieri
1279 2294 1335 2325 del
1359 2294 1454 2325 dicto
1482 2294 1576 2324 duse.
1624 2294 1667 2324 Et
1691 2293 1715 2324 li
1746 2304 1807 2335 per
1835 2295 1867 2326 lo
1901 2295 1995 2326 dicto

1153 2348 1327 2389 preposito
1354 2353 1497 2388 exposta
1516 2347 1546 2376 la
1565 2356 1624 2378 soa
1641 2347 1828 2378 ambaxada
1850 2348 1880 2378 al
1898 2347 1994 2379 dicto

1154 2411 1265 2432 meser
1290 2400 1448 2431 Bernabo
1473 2405 1508 2431 et
1531 2400 1644 2431 ancho
1670 2400 1810 2442 factoge
1836 2401 1869 2431 fe
1902 2401 1994 2432 della

1153 2466 1213 2486 soa
1236 2453 1427 2490 intencion‚
1454 2454 1485 2484 la
1517 2453 1596 2494 qual
1620 2463 1678 2483 era
1703 2454 1778 2491 che,
1807 2465 1842 2485 se
1871 2455 1994 2485 mesier

1154 2507 1311 2539 Bernabo
1338 2513 1527 2539 actentasse
1552 2506 1678 2549 alguna
1702 2502 1794 2538 cosa*
1810 2513 1930 2539 contra
1961 2508 1992 2538 el

1154 2561 1248 2593 dicto
1279 2560 1467 2602 magnifico
1491 2561 1608 2602 signor
1632 2560 1756 2592 mesier
1787 2561 1992 2600 Francesco,

1154 2616 1219 2647 che
1244 2615 1278 2644 in
1302 2614 1375 2645 sina
1398 2612 1465 2645 mo’
1490 2614 1520 2644 el
1545 2613 1640 2645 dicto
1672 2614 1796 2645 mesier
1820 2614 1852 2644 1ο
1886 2623 1923 2644 re
1958 2613 1990 2644 el

1154 2668 1346 2705 desfidava,
1370 2666 1403 2698 la
1426 2667 1506 2708 qual
1533 2677 1612 2698 cosa
1638 2666 1810 2698 demando
1837 2666 1867 2697 el
1899 2666 1993 2698 dicto

1152 2721 1276 2752 mesier
1294 2720 1452 2752 Bernabb
1469 2731 1488 2751 a
1505 2720 1559 2751 far
1576 2720 1607 2751 la
1624 2725 1756 2763 treuga,
1783 2719 1850 2751 ello
1867 2719 1992 2750 assenti

1154 2775 1197 2805 ad
1214 2773 1339 2816 que110,
1357 2774 1420 2804 che
1446 2774 1661 2804 domandava
1679 2773 1804 2804 mesier
1820 2772 1852 2804 lo
1870 2783 1915 2803 re.
1948 2772 1993 2803 Et

1152 2827 1180 2858 si
1211 2827 1429 2859 domandava
1459 2827 1490 2856 el
1523 2826 1616 2858 dicto
1652 2826 1840 2867 magnifico
1875 2824 1992 2867 signor

1152 2880 1274 2910 mesier
1308 2880 1514 2917 Francesco,
1538 2880 1603 2910 che
1634 2879 1666 2909 la
1691 2880 1785 2910 dicta
1808 2885 1927 2919 treuga
1955 2888 1991 2907 se

1153 2934 1242 2964 iesse
1266 2932 1339 2963 sina
1362 2932 1394 2963 la
1419 2932 1507 2963 festa
1531 2933 1574 2964 de
1593 2932 1739 2963 Nadale.
1786 2931 1845 2962 Ma
1870 2931 1890 2961 'l
1907 2931 1991 2962 duse
