<?xml version="1.0" encoding="UTF-8"?>
<!DOCTYPE html PUBLIC "-//W3C//DTD XHTML 1.0 Transitional//EN"
    "http://www.w3.org/TR/xhtml1/DTD/xhtml1-transitional.dtd">
<html xmlns="http://www.w3.org/1999/xhtml" xml:lang="en" lang="en">
 <head>
  <title>
</title>
<meta http-equiv="Content-Type" content="text/html;charset=utf-8" />
  <meta name='ocr-system' content='tesseract 3.04.00' />
  <meta name='ocr-capabilities' content='ocr_page ocr_carea ocr_par ocr_line ocrx_word'/>
</head>
<body>
  <div class='ocr_page' id='page_1' title='image "./p1f11rerumitalica17murauoft_0200.png"; bbox 0 0 2422 3684; ppageno 0'>
   <div class='ocr_carea' id='block_1_1' title="bbox 411 239 1874 283">
    <p class='ocr_par' dir='ltr' id='par_1_1' title="bbox 411 239 1874 283">
     <span class='ocr_line' id='line_1_1' title="bbox 411 239 1874 283; baseline -0.005 -1"><span class='ocrx_word' id='word_1_1' title='bbox 411 249 478 283; x_wconf 85' lang='lat'>128</span> <span class='ocrx_word' id='word_1_2' title='bbox 748 245 919 282; x_wconf 86' lang='lat' dir='ltr'>GES&#39;lA</span> <span class='ocrx_word' id='word_1_3' title='bbox 950 244 1251 281; x_wconf 77' lang='lat' dir='ltr'>MAGNIFICA</span> <span class='ocrx_word' id='word_1_4' title='bbox 1281 239 1462 278; x_wconf 89' lang='lat' dir='ltr'>DOMUS</span> <span class='ocrx_word' id='word_1_5' title='bbox 1491 240 1874 277; x_wconf 84' lang='lat' dir='ltr'>CARRARIENSIS</span> 
     </span>
    </p>
   </div>
   <div class='ocr_carea' id='block_1_2' title="bbox 726 378 923 411">
    <p class='ocr_par' dir='ltr' id='par_1_2' title="bbox 726 378 923 411">
     <span class='ocr_line' id='line_1_2' title="bbox 726 378 923 411; baseline 0 -1"><span class='ocrx_word' id='word_1_6' title='bbox 726 379 865 411; x_wconf 76' lang='lat' dir='ltr'><strong>REDAZ.</strong></span> <span class='ocrx_word' id='word_1_7' title='bbox 889 378 923 410; x_wconf 87' lang='lat' dir='ltr'><em>A</em></span> 
     </span>
    </p>
   </div>
   <div class='ocr_carea' id='block_1_3' title="bbox 404 448 1265 2827">
    <p class='ocr_par' dir='ltr' id='par_1_3' title="bbox 404 448 1265 2827">
     <span class='ocr_line' id='line_1_3' title="bbox 404 448 1244 493; baseline -0.006 -10"><span class='ocrx_word' id='word_1_8' title='bbox 404 453 548 484; x_wconf 84' lang='lat' dir='ltr'>dentino</span> <span class='ocrx_word' id='word_1_9' title='bbox 572 451 724 489; x_wconf 86' lang='lat' dir='ltr'>tenebat,</span> <span class='ocrx_word' id='word_1_10' title='bbox 748 450 964 493; x_wconf 77' lang='lat' dir='ltr'>pactionibus</span> <span class='ocrx_word' id='word_1_11' title='bbox 981 448 1244 484; x_wconf 86' lang='lat' dir='ltr'>certisiniectis,</span> 
     </span>
     <span class='ocr_line' id='line_1_4' title="bbox 405 501 1246 548; baseline -0.01 -10"><span class='ocrx_word' id='word_1_12' title='bbox 405 505 706 548; x_wconf 85' lang='lat' dir='ltr'>Brandeburgensi</span> <span class='ocrx_word' id='word_1_13' title='bbox 720 505 865 536; x_wconf 83' lang='lat' dir='ltr'>tradidit</span> <span class='ocrx_word' id='word_1_14' title='bbox 877 502 1078 535; x_wconf 85' lang='lat' dir='ltr'>marchioni.</span> <span class='ocrx_word' id='word_1_15' title='bbox 1103 502 1154 532; x_wconf 87' lang='lat' dir='ltr'>De</span> <span class='ocrx_word' id='word_1_16' title='bbox 1169 501 1246 531; x_wconf 87' lang='lat' dir='ltr'>Tri·</span> 
     </span>
     <span class='ocr_line' id='line_1_5' title="bbox 406 554 1246 595; baseline -0.008 -4"><span class='ocrx_word' id='word_1_17' title='bbox 406 561 510 592; x_wconf 88' lang='lat' dir='ltr'>dento</span> <span class='ocrx_word' id='word_1_18' title='bbox 535 560 669 590; x_wconf 89' lang='lat' dir='ltr'>demum</span> <span class='ocrx_word' id='word_1_19' title='bbox 694 559 868 590; x_wconf 82' lang='lat' dir='ltr'>Veronam</span> <span class='ocrx_word' id='word_1_20' title='bbox 892 557 1064 588; x_wconf 81' lang='lat' dir='ltr'>accedens</span> <span class='ocrx_word' id='word_1_21' title='bbox 1089 556 1158 586; x_wconf 84' lang='lat' dir='ltr'>dux</span> <span class='ocrx_word' id='word_1_22' title='bbox 1173 554 1246 595; x_wconf 84' lang='lat' dir='ltr'>ipse</span> 
     </span>
     <span class='ocr_line' id='line_1_6' title="bbox 405 609 1246 651; baseline -0.008 -7"><span class='ocrx_word' id='word_1_23' title='bbox 405 613 589 650; x_wconf 73' lang='lat' dir='ltr'>Roduffus,</span> <span class='ocrx_word' id='word_1_24' title='bbox 614 612 671 643; x_wconf 89' lang='lat' dir='ltr'>ubi</span> <span class='ocrx_word' id='word_1_25' title='bbox 707 623 783 643; x_wconf 87' lang='lat' dir='ltr'>cum</span> <span class='ocrx_word' id='word_1_26' title='bbox 819 620 943 651; x_wconf 76' lang='lat' dir='ltr'>magno</span> <span class='ocrx_word' id='word_1_27' title='bbox 971 609 1038 640; x_wconf 77' lang='lat' dir='ltr'>fuit</span> <span class='ocrx_word' id='word_1_28' title='bbox 1069 613 1246 648; x_wconf 87' lang='lat' dir='ltr'>susceptus</span> 
     </span>
     <span class='ocr_line' id='line_1_7' title="bbox 405 661 1246 706; baseline -0.007 -9"><span class='ocrx_word' id='word_1_29' title='bbox 405 667 548 703; x_wconf 87' lang='lat' dir='ltr'>honore,</span> <span class='ocrx_word' id='word_1_30' title='bbox 572 665 807 697; x_wconf 82' lang='lat' dir='ltr'>Mediolanum</span> <span class='ocrx_word' id='word_1_31' title='bbox 833 664 1011 706; x_wconf 69' lang='lat' dir='ltr'>profectus</span> <span class='ocrx_word' id='word_1_32' title='bbox 1035 669 1097 699; x_wconf 86' lang='lat' dir='ltr'>est,</span> <span class='ocrx_word' id='word_1_33' title='bbox 1128 661 1246 702; x_wconf 83' lang='lat' dir='ltr'>ibique</span> 
     </span>
     <span class='ocr_line' id='line_1_8' title="bbox 406 717 1247 761; baseline -0.008 -10"><span class='ocrx_word' id='word_1_34' title='bbox 406 719 515 752; x_wconf 88' lang='lat' dir='ltr'>eciam</span> <span class='ocrx_word' id='word_1_35' title='bbox 549 719 672 761; x_wconf 84' lang='lat' dir='ltr'>grandi</span> <span class='ocrx_word' id='word_1_36' title='bbox 704 720 870 750; x_wconf 87' lang='lat' dir='ltr'>honorum</span> <span class='ocrx_word' id='word_1_37' title='bbox 902 717 1034 748; x_wconf 86' lang='lat' dir='ltr'>habitus</span> <span class='ocrx_word' id='word_1_38' title='bbox 1069 721 1247 757; x_wconf 77' lang='lat' dir='ltr'>apparatu,</span> 
     </span>
     <span class='ocr_line' id='line_1_9' title="bbox 407 768 1247 814; baseline -0.008 -9"><span class='ocrx_word' id='word_1_39' title='bbox 407 784 484 805; x_wconf 90' lang='lat' dir='ltr'>cum</span> <span class='ocrx_word' id='word_1_40' title='bbox 523 782 591 814; x_wconf 91' lang='lat' dir='ltr'>quo</span> <span class='ocrx_word' id='word_1_41' title='bbox 625 771 890 803; x_wconf 76' lang='lat' dir='ltr'>mediolanensis</span> <span class='ocrx_word' id='word_1_42' title='bbox 926 768 1116 807; x_wconf 85' lang='lat' dir='ltr'>Bernabos,</span> <span class='ocrx_word' id='word_1_43' title='bbox 1151 768 1247 800; x_wconf 89' lang='lat' dir='ltr'>cuius</span> 
     </span>
     <span class='ocr_line' id='line_1_10' title="bbox 408 821 1248 867; baseline -0.008 -9"><span class='ocrx_word' id='word_1_44' title='bbox 408 827 539 858; x_wconf 86' lang='lat' dir='ltr'>animus</span> <span class='ocrx_word' id='word_1_45' title='bbox 562 831 597 857; x_wconf 91' lang='lat' dir='ltr'>et</span> <span class='ocrx_word' id='word_1_46' title='bbox 614 826 783 867; x_wconf 83' lang='lat' dir='ltr'>cogitatus</span> <span class='ocrx_word' id='word_1_47' title='bbox 807 824 918 855; x_wconf 86' lang='lat' dir='ltr'>omnis</span> <span class='ocrx_word' id='word_1_48' title='bbox 935 823 978 854; x_wconf 88' lang='lat' dir='ltr'>ad</span> <span class='ocrx_word' id='word_1_49' title='bbox 995 822 1102 864; x_wconf 88' lang='lat' dir='ltr'>ipsius</span> <span class='ocrx_word' id='word_1_50' title='bbox 1118 821 1248 862; x_wconf 84' lang='lat' dir='ltr'>magni-</span> 
     </span>
     <span class='ocr_line' id='line_1_11' title="bbox 408 874 1248 917; baseline -0.008 -6"><span class='ocrx_word' id='word_1_51' title='bbox 408 880 465 911; x_wconf 85' lang='lat' dir='ltr'>fici</span> <span class='ocrx_word' id='word_1_52' title='bbox 497 879 628 911; x_wconf 90' lang='lat' dir='ltr'>domini</span> <span class='ocrx_word' id='word_1_53' title='bbox 664 877 842 908; x_wconf 90' lang='lat' dir='ltr'>Francisci</span> <span class='ocrx_word' id='word_1_54' title='bbox 878 878 1003 908; x_wconf 87' lang='lat' dir='ltr'>damna</span> <span class='ocrx_word' id='word_1_55' title='bbox 1035 874 1248 917; x_wconf 83' lang='lat' dir='ltr'>invigilabat,</span> 
     </span>
     <span class='ocr_line' id='line_1_12' title="bbox 408 929 1250 972; baseline -0.006 -9"><span class='ocrx_word' id='word_1_56' title='bbox 408 932 508 963; x_wconf 71' lang='lat' dir='ltr'>fedus</span> <span class='ocrx_word' id='word_1_57' title='bbox 524 932 611 969; x_wconf 80' lang='lat' dir='ltr'>iniit,</span> <span class='ocrx_word' id='word_1_58' title='bbox 629 932 739 972; x_wconf 84' lang='lat' dir='ltr'>ipsum</span> <span class='ocrx_word' id='word_1_59' title='bbox 756 930 977 971; x_wconf 66' lang='lat' dir='ltr'>magnificum</span> <span class='ocrx_word' id='word_1_60' title='bbox 997 929 1172 960; x_wconf 87' lang='lat' dir='ltr'>dominum</span> <span class='ocrx_word' id='word_1_61' title='bbox 1189 938 1250 958; x_wconf 89' lang='lat' dir='ltr'>sua</span> 
     </span>
     <span class='ocr_line' id='line_1_13' title="bbox 407 981 1251 1027; baseline -0.006 -11"><span class='ocrx_word' id='word_1_62' title='bbox 407 985 635 1027; x_wconf 87' lang='lat' dir='ltr'>requisicione</span> <span class='ocrx_word' id='word_1_63' title='bbox 658 984 800 1015; x_wconf 86' lang='lat' dir='ltr'>lesurus.</span> <span class='ocrx_word' id='word_1_64' title='bbox 846 983 1029 1015; x_wconf 87' lang='lat' dir='ltr'>Predictus</span> <span class='ocrx_word' id='word_1_65' title='bbox 1053 987 1165 1013; x_wconf 87' lang='lat' dir='ltr'>autem</span> <span class='ocrx_word' id='word_1_66' title='bbox 1190 981 1251 1011; x_wconf 91' lang='lat' dir='ltr'>do-</span> 
     </span>
     <span class='ocr_line' id='line_1_14' title="bbox 409 1034 1251 1075; baseline -0.006 -6"><span class='ocrx_word' id='word_1_67' title='bbox 409 1039 521 1069; x_wconf 89' lang='lat' dir='ltr'>minus</span> <span class='ocrx_word' id='word_1_68' title='bbox 546 1038 753 1069; x_wconf 78' lang='lat' dir='ltr'>Franciscus</span> <span class='ocrx_word' id='word_1_69' title='bbox 777 1037 819 1067; x_wconf 90' lang='lat' dir='ltr'>de</span> <span class='ocrx_word' id='word_1_70' title='bbox 835 1036 1006 1074; x_wconf 84' lang='lat' dir='ltr'>Carraria,</span> <span class='ocrx_word' id='word_1_71' title='bbox 1030 1034 1150 1066; x_wconf 89' lang='lat' dir='ltr'>dietim</span> <span class='ocrx_word' id='word_1_72' title='bbox 1175 1044 1251 1075; x_wconf 86' lang='lat' dir='ltr'>per-</span> 
     </span>
     <span class='ocr_line' id='line_1_15' title="bbox 410 1087 1250 1133; baseline -0.006 -10"><span class='ocrx_word' id='word_1_73' title='bbox 410 1092 542 1133; x_wconf 88' lang='lat' dir='ltr'>cipiens</span> <span class='ocrx_word' id='word_1_74' title='bbox 566 1091 689 1122; x_wconf 86' lang='lat' dir='ltr'>ducem</span> <span class='ocrx_word' id='word_1_75' title='bbox 713 1091 823 1132; x_wconf 88' lang='lat' dir='ltr'>ipsum</span> <span class='ocrx_word' id='word_1_76' title='bbox 851 1096 969 1122; x_wconf 87' lang='lat' dir='ltr'>contra</span> <span class='ocrx_word' id='word_1_77' title='bbox 993 1090 1103 1130; x_wconf 88' lang='lat' dir='ltr'>ipsum</span> <span class='ocrx_word' id='word_1_78' title='bbox 1128 1087 1250 1124; x_wconf 88' lang='lat' dir='ltr'>moliri,</span> 
     </span>
     <span class='ocr_line' id='line_1_16' title="bbox 409 1141 1250 1185; baseline -0.006 -9"><span class='ocrx_word' id='word_1_79' title='bbox 409 1151 478 1176; x_wconf 79' lang='lat' dir='ltr'>tarn</span> <span class='ocrx_word' id='word_1_80' title='bbox 503 1145 594 1185; x_wconf 87' lang='lat' dir='ltr'>apud</span> <span class='ocrx_word' id='word_1_81' title='bbox 620 1144 796 1175; x_wconf 87' lang='lat' dir='ltr'>dominum</span> <span class='ocrx_word' id='word_1_82' title='bbox 813 1144 891 1174; x_wconf 86' lang='lat' dir='ltr'>dela</span> <span class='ocrx_word' id='word_1_83' title='bbox 909 1142 1022 1179; x_wconf 86' lang='lat' dir='ltr'>Scala,</span> <span class='ocrx_word' id='word_1_84' title='bbox 1040 1153 1139 1184; x_wconf 86' lang='lat' dir='ltr'>quam</span> <span class='ocrx_word' id='word_1_85' title='bbox 1158 1141 1250 1182; x_wconf 89' lang='lat' dir='ltr'>apud</span> 
     </span>
     <span class='ocr_line' id='line_1_17' title="bbox 411 1195 1251 1241; baseline -0.007 -11"><span class='ocrx_word' id='word_1_86' title='bbox 411 1200 519 1241; x_wconf 90' lang='lat' dir='ltr'>ipsum</span> <span class='ocrx_word' id='word_1_87' title='bbox 544 1199 717 1230; x_wconf 86' lang='lat' dir='ltr'>dominum</span> <span class='ocrx_word' id='word_1_88' title='bbox 742 1196 978 1228; x_wconf 83' lang='lat' dir='ltr'>Bernabonem</span> <span class='ocrx_word' id='word_1_89' title='bbox 1011 1206 1074 1237; x_wconf 89' lang='lat' dir='ltr'>per</span> <span class='ocrx_word' id='word_1_90' title='bbox 1098 1195 1251 1225; x_wconf 89' lang='lat' dir='ltr'>nuntium</span> 
     </span>
     <span class='ocr_line' id='line_1_18' title="bbox 410 1246 1253 1292; baseline -0.007 -9"><span class='ocrx_word' id='word_1_91' title='bbox 410 1264 505 1284; x_wconf 87' lang='lat' dir='ltr'>suurn</span> <span class='ocrx_word' id='word_1_92' title='bbox 525 1258 692 1292; x_wconf 78' lang='lat' dir='ltr'>temptare</span> <span class='ocrx_word' id='word_1_93' title='bbox 710 1251 840 1292; x_wconf 88' lang='lat' dir='ltr'>placuit</span> <span class='ocrx_word' id='word_1_94' title='bbox 857 1250 1029 1281; x_wconf 85' lang='lat' dir='ltr'>dominum</span> <span class='ocrx_word' id='word_1_95' title='bbox 1049 1249 1154 1289; x_wconf 87' lang='lat' dir='ltr'>ipsum</span> <span class='ocrx_word' id='word_1_96' title='bbox 1173 1246 1253 1278; x_wconf 85' lang='lat' dir='ltr'>dela</span> 
     </span>
     <span class='ocr_line' id='line_1_19' title="bbox 410 1301 1254 1346; baseline -0.008 -8"><span class='ocrx_word' id='word_1_97' title='bbox 410 1306 523 1342; x_wconf 81' lang='lat' dir='ltr'>Scala,</span> <span class='ocrx_word' id='word_1_98' title='bbox 547 1315 647 1346; x_wconf 85' lang='lat' dir='ltr'>quem</span> <span class='ocrx_word' id='word_1_99' title='bbox 672 1305 791 1336; x_wconf 68' lang='lat' dir='ltr'>favere</span> <span class='ocrx_word' id='word_1_100' title='bbox 808 1309 1033 1344; x_wconf 86' lang='lat' dir='ltr'>prenoscerat</span> <span class='ocrx_word' id='word_1_101' title='bbox 1049 1303 1141 1339; x_wconf 88' lang='lat' dir='ltr'>duci,</span> <span class='ocrx_word' id='word_1_102' title='bbox 1157 1301 1254 1332; x_wconf 76' lang='lat' dir='ltr'>vide-</span> 
     </span>
     <span class='ocr_line' id='line_1_20' title="bbox 413 1354 1254 1400; baseline -0.006 -11"><span class='ocrx_word' id='word_1_103' title='bbox 413 1359 492 1390; x_wconf 89' lang='lat' dir='ltr'>licet</span> <span class='ocrx_word' id='word_1_104' title='bbox 517 1359 609 1400; x_wconf 86' lang='lat' dir='ltr'>quod</span> <span class='ocrx_word' id='word_1_105' title='bbox 635 1358 664 1389; x_wconf 84' lang='lat' dir='ltr'>ei</span> <span class='ocrx_word' id='word_1_106' title='bbox 688 1357 841 1398; x_wconf 81' lang='lat' dir='ltr'>placeret</span> <span class='ocrx_word' id='word_1_107' title='bbox 864 1355 1025 1399; x_wconf 79' lang='lat' dir='ltr'>gentibus</span> <span class='ocrx_word' id='word_1_108' title='bbox 1055 1354 1161 1396; x_wconf 87' lang='lat' dir='ltr'>ipsius</span> <span class='ocrx_word' id='word_1_109' title='bbox 1183 1364 1254 1384; x_wconf 84' lang='lat' dir='ltr'>ma-</span> 
     </span>
     <span class='ocr_line' id='line_1_21' title="bbox 412 1408 1251 1455; baseline -0.006 -13"><span class='ocrx_word' id='word_1_110' title='bbox 412 1412 533 1455; x_wconf 74' lang='lat' dir='ltr'>gnifici</span> <span class='ocrx_word' id='word_1_111' title='bbox 560 1411 687 1442; x_wconf 86' lang='lat' dir='ltr'>domini</span> <span class='ocrx_word' id='word_1_112' title='bbox 702 1420 864 1441; x_wconf 83' lang='lat' dir='ltr'>accessus</span> <span class='ocrx_word' id='word_1_113' title='bbox 881 1410 1073 1440; x_wconf 80' lang='lat' dir='ltr'>concedere</span> <span class='ocrx_word' id='word_1_114' title='bbox 1090 1408 1251 1450; x_wconf 88' lang='lat' dir='ltr'>possendi</span> 
     </span>
     <span class='ocr_line' id='line_1_22' title="bbox 413 1461 1254 1506; baseline -0.004 -11"><span class='ocrx_word' id='word_1_115' title='bbox 413 1475 474 1506; x_wconf 89' lang='lat' dir='ltr'>per</span> <span class='ocrx_word' id='word_1_116' title='bbox 492 1465 581 1496; x_wconf 78' lang='lat' dir='ltr'>fines</span> <span class='ocrx_word' id='word_1_117' title='bbox 596 1474 675 1495; x_wconf 89' lang='lat' dir='ltr'>suos</span> <span class='ocrx_word' id='word_1_118' title='bbox 699 1463 904 1494; x_wconf 84' lang='lat' dir='ltr'>Tridentum</span> <span class='ocrx_word' id='word_1_119' title='bbox 925 1462 1101 1503; x_wconf 83' lang='lat' dir='ltr'>proficisci</span> <span class='ocrx_word' id='word_1_120' title='bbox 1122 1461 1254 1502; x_wconf 80' lang='lat' dir='ltr'>sibique</span> 
     </span>
     <span class='ocr_line' id='line_1_23' title="bbox 413 1514 1255 1559; baseline -0.006 -10"><span class='ocrx_word' id='word_1_121' title='bbox 413 1518 456 1549; x_wconf 89' lang='lat' dir='ltr'>de</span> <span class='ocrx_word' id='word_1_122' title='bbox 480 1518 639 1559; x_wconf 82' lang='lat' dir='ltr'>gentibus</span> <span class='ocrx_word' id='word_1_123' title='bbox 663 1516 844 1547; x_wconf 85' lang='lat' dir='ltr'>subvenire</span> <span class='ocrx_word' id='word_1_124' title='bbox 865 1526 907 1547; x_wconf 87' lang='lat' dir='ltr'>ac</span> <span class='ocrx_word' id='word_1_125' title='bbox 925 1516 1002 1546; x_wconf 92' lang='lat' dir='ltr'>duci</span> <span class='ocrx_word' id='word_1_126' title='bbox 1021 1514 1255 1557; x_wconf 87' lang='lat' dir='ltr'>suprascripto</span> 
     </span>
     <span class='ocr_line' id='line_1_24' title="bbox 413 1568 1254 1612; baseline -0.004 -10"><span class='ocrx_word' id='word_1_127' title='bbox 413 1572 457 1602; x_wconf 87' lang='lat' dir='ltr'>ad</span> <span class='ocrx_word' id='word_1_128' title='bbox 480 1571 586 1612; x_wconf 88' lang='lat' dir='ltr'>ipsius</span> <span class='ocrx_word' id='word_1_129' title='bbox 616 1570 742 1601; x_wconf 85' lang='lat' dir='ltr'>damna</span> <span class='ocrx_word' id='word_1_130' title='bbox 766 1579 884 1610; x_wconf 87' lang='lat' dir='ltr'>passus</span> <span class='ocrx_word' id='word_1_131' title='bbox 907 1569 1074 1600; x_wconf 89' lang='lat' dir='ltr'>inhibere.</span> <span class='ocrx_word' id='word_1_132' title='bbox 1114 1569 1158 1600; x_wconf 65' lang='lat' dir='ltr'>Ei</span> <span class='ocrx_word' id='word_1_133' title='bbox 1189 1568 1254 1599; x_wconf 87' lang='lat' dir='ltr'>hoc</span> 
     </span>
     <span class='ocr_line' id='line_1_25' title="bbox 413 1622 1255 1664; baseline -0.006 -8"><span class='ocrx_word' id='word_1_134' title='bbox 413 1625 477 1656; x_wconf 88' lang='lat' dir='ltr'>sibi</span> <span class='ocrx_word' id='word_1_135' title='bbox 507 1625 655 1664; x_wconf 82' lang='lat' dir='ltr'>scripsit,</span> <span class='ocrx_word' id='word_1_136' title='bbox 692 1624 769 1654; x_wconf 88' lang='lat' dir='ltr'>dum</span> <span class='ocrx_word' id='word_1_137' title='bbox 803 1628 967 1654; x_wconf 80' lang='lat' dir='ltr'>tractatus</span> <span class='ocrx_word' id='word_1_138' title='bbox 1003 1622 1117 1653; x_wconf 88' lang='lat' dir='ltr'>adhuc</span> <span class='ocrx_word' id='word_1_139' title='bbox 1150 1628 1255 1653; x_wconf 84' lang='lat' dir='ltr'>staret</span> 
     </span>
     <span class='ocr_line' id='line_1_26' title="bbox 415 1675 1255 1720; baseline -0.004 -11"><span class='ocrx_word' id='word_1_140' title='bbox 415 1679 633 1720; x_wconf 82' lang='lat' dir='ltr'>prorogande</span> <span class='ocrx_word' id='word_1_141' title='bbox 666 1684 807 1720; x_wconf 81' lang='lat' dir='ltr'>treugue</span> <span class='ocrx_word' id='word_1_142' title='bbox 839 1677 930 1707; x_wconf 86' lang='lat' dir='ltr'>inter</span> <span class='ocrx_word' id='word_1_143' title='bbox 965 1676 1143 1708; x_wconf 85' lang='lat' dir='ltr'>tirolenses</span> <span class='ocrx_word' id='word_1_144' title='bbox 1178 1675 1255 1706; x_wconf 87' lang='lat' dir='ltr'>sub-</span> 
     </span>
     <span class='ocr_line' id='line_1_27' title="bbox 415 1729 1258 1772; baseline -0.004 -10"><span class='ocrx_word' id='word_1_145' title='bbox 415 1732 504 1763; x_wconf 86' lang='lat' dir='ltr'>ditos</span> <span class='ocrx_word' id='word_1_146' title='bbox 526 1731 631 1772; x_wconf 86' lang='lat' dir='ltr'>ipsius</span> <span class='ocrx_word' id='word_1_147' title='bbox 655 1731 752 1762; x_wconf 87' lang='lat' dir='ltr'>ducis</span> <span class='ocrx_word' id='word_1_148' title='bbox 777 1737 811 1762; x_wconf 87' lang='lat' dir='ltr'>et</span> <span class='ocrx_word' id='word_1_149' title='bbox 841 1731 919 1762; x_wconf 91' lang='lat' dir='ltr'>illos</span> <span class='ocrx_word' id='word_1_150' title='bbox 948 1730 990 1760; x_wconf 90' lang='lat' dir='ltr'>de</span> <span class='ocrx_word' id='word_1_151' title='bbox 1022 1729 1258 1771; x_wconf 80' lang='lat' dir='ltr'>Vallesugana</span> 
     </span>
     <span class='ocr_line' id='line_1_28' title="bbox 416 1783 1259 1825; baseline -0.005 -9"><span class='ocrx_word' id='word_1_152' title='bbox 416 1785 524 1816; x_wconf 87' lang='lat' dir='ltr'>eciam</span> <span class='ocrx_word' id='word_1_153' title='bbox 549 1784 653 1825; x_wconf 87' lang='lat' dir='ltr'>ipsius</span> <span class='ocrx_word' id='word_1_154' title='bbox 676 1783 856 1825; x_wconf 77' lang='lat' dir='ltr'>magnifici</span> <span class='ocrx_word' id='word_1_155' title='bbox 881 1783 1009 1814; x_wconf 87' lang='lat' dir='ltr'>domini</span> <span class='ocrx_word' id='word_1_156' title='bbox 1033 1783 1199 1819; x_wconf 82' lang='lat' dir='ltr'>subditos,</span> <span class='ocrx_word' id='word_1_157' title='bbox 1222 1788 1259 1812; x_wconf 90' lang='lat' dir='ltr'>ut</span> 
     </span>
     <span class='ocr_line' id='line_1_29' title="bbox 416 1837 1255 1879; baseline -0.004 -10"><span class='ocrx_word' id='word_1_158' title='bbox 416 1848 566 1869; x_wconf 84' lang='lat' dir='ltr'>annuere</span> <span class='ocrx_word' id='word_1_159' title='bbox 591 1838 696 1879; x_wconf 82' lang='lat' dir='ltr'>regiis</span> <span class='ocrx_word' id='word_1_160' title='bbox 721 1843 835 1878; x_wconf 79' lang='lat' dir='ltr'>posset</span> <span class='ocrx_word' id='word_1_161' title='bbox 860 1837 958 1872; x_wconf 82' lang='lat' dir='ltr'>votis,</span> <span class='ocrx_word' id='word_1_162' title='bbox 986 1837 1042 1877; x_wconf 83' lang='lat' dir='ltr'>qui</span> <span class='ocrx_word' id='word_1_163' title='bbox 1074 1846 1137 1877; x_wconf 89' lang='lat' dir='ltr'>per</span> <span class='ocrx_word' id='word_1_164' title='bbox 1160 1845 1255 1876; x_wconf 79' lang='lat' dir='ltr'>egre-</span> 
     </span>
     <span class='ocr_line' id='line_1_30' title="bbox 416 1887 1256 1933; baseline -0.004 -12"><span class='ocrx_word' id='word_1_165' title='bbox 416 1891 508 1933; x_wconf 89' lang='lat' dir='ltr'>gium</span> <span class='ocrx_word' id='word_1_166' title='bbox 533 1891 674 1921; x_wconf 89' lang='lat' dir='ltr'>militem</span> <span class='ocrx_word' id='word_1_167' title='bbox 699 1889 872 1921; x_wconf 90' lang='lat' dir='ltr'>dominum</span> <span class='ocrx_word' id='word_1_168' title='bbox 898 1889 1104 1921; x_wconf 79' lang='lat' dir='ltr'>Federicum</span> <span class='ocrx_word' id='word_1_169' title='bbox 1122 1889 1165 1920; x_wconf 88' lang='lat' dir='ltr'>de</span> <span class='ocrx_word' id='word_1_170' title='bbox 1182 1887 1256 1919; x_wconf 88' lang='lat' dir='ltr'>Ma-</span> 
     </span>
     <span class='ocr_line' id='line_1_31' title="bbox 416 1942 1258 1984; baseline -0.002 -9"><span class='ocrx_word' id='word_1_171' title='bbox 416 1945 510 1975; x_wconf 88' lang='lat' dir='ltr'>thlor</span> <span class='ocrx_word' id='word_1_172' title='bbox 526 1943 588 1974; x_wconf 88' lang='lat' dir='ltr'>sibi</span> <span class='ocrx_word' id='word_1_173' title='bbox 613 1942 656 1974; x_wconf 92' lang='lat' dir='ltr'>de</span> <span class='ocrx_word' id='word_1_174' title='bbox 681 1943 773 1974; x_wconf 85' lang='lat' dir='ltr'>dicte</span> <span class='ocrx_word' id='word_1_175' title='bbox 796 1948 940 1984; x_wconf 79' lang='lat' dir='ltr'>treugue</span> <span class='ocrx_word' id='word_1_176' title='bbox 964 1948 1116 1973; x_wconf 88' lang='lat' dir='ltr'>suaserat</span> <span class='ocrx_word' id='word_1_177' title='bbox 1140 1952 1258 1982; x_wconf 86' lang='lat' dir='ltr'>proro-</span> 
     </span>
     <span class='ocr_line' id='line_1_32' title="bbox 417 1995 1260 2039; baseline -0.002 -12"><span class='ocrx_word' id='word_1_178' title='bbox 417 1997 572 2039; x_wconf 83' lang='lat' dir='ltr'>gacione.</span> <span class='ocrx_word' id='word_1_179' title='bbox 630 1996 894 2038; x_wconf 85' lang='lat' dir='ltr'>Canissignorus</span> <span class='ocrx_word' id='word_1_180' title='bbox 933 2001 1059 2032; x_wconf 88' lang='lat' dir='ltr'>autem,</span> <span class='ocrx_word' id='word_1_181' title='bbox 1091 1995 1260 2036; x_wconf 87' lang='lat' dir='ltr'>nequiens</span> 
     </span>
     <span class='ocr_line' id='line_1_33' title="bbox 417 2048 1260 2090; baseline -0.004 -9"><span class='ocrx_word' id='word_1_182' title='bbox 417 2051 520 2081; x_wconf 86' lang='lat' dir='ltr'>animi</span> <span class='ocrx_word' id='word_1_183' title='bbox 544 2050 593 2080; x_wconf 83' lang='lat' dir='ltr'>sui</span> <span class='ocrx_word' id='word_1_184' title='bbox 612 2055 819 2090; x_wconf 87' lang='lat' dir='ltr'>conceptum</span> <span class='ocrx_word' id='word_1_185' title='bbox 844 2048 979 2079; x_wconf 80' lang='lat' dir='ltr'>facinus</span> <span class='ocrx_word' id='word_1_186' title='bbox 1003 2048 1150 2089; x_wconf 81' lang='lat' dir='ltr'>operire,</span> <span class='ocrx_word' id='word_1_187' title='bbox 1175 2057 1260 2078; x_wconf 90' lang='lat' dir='ltr'>nun-</span> 
     </span>
     <span class='ocr_line' id='line_1_34' title="bbox 417 2100 1260 2145; baseline -0.006 -10"><span class='ocrx_word' id='word_1_188' title='bbox 417 2104 471 2136; x_wconf 93' lang='lat' dir='ltr'>cio</span> <span class='ocrx_word' id='word_1_189' title='bbox 485 2104 589 2145; x_wconf 87' lang='lat' dir='ltr'>ipsius</span> <span class='ocrx_word' id='word_1_190' title='bbox 606 2103 783 2145; x_wconf 75' lang='lat' dir='ltr'>magnifici</span> <span class='ocrx_word' id='word_1_191' title='bbox 802 2102 930 2134; x_wconf 89' lang='lat' dir='ltr'>domini</span> <span class='ocrx_word' id='word_1_192' title='bbox 945 2102 989 2134; x_wconf 87' lang='lat' dir='ltr'>ad</span> <span class='ocrx_word' id='word_1_193' title='bbox 1002 2100 1260 2142; x_wconf 84' lang='lat' dir='ltr'>responsionem</span> 
     </span>
     <span class='ocr_line' id='line_1_35' title="bbox 416 2154 1261 2196; baseline -0.002 -9"><span class='ocrx_word' id='word_1_194' title='bbox 416 2157 565 2188; x_wconf 84' lang='lat' dir='ltr'>instante</span> <span class='ocrx_word' id='word_1_195' title='bbox 583 2158 648 2188; x_wconf 84' lang='lat' dir='ltr'>hac</span> <span class='ocrx_word' id='word_1_196' title='bbox 665 2156 730 2187; x_wconf 86' lang='lat' dir='ltr'>sibi</span> <span class='ocrx_word' id='word_1_197' title='bbox 747 2156 859 2187; x_wconf 79' lang='lat' dir='ltr'>t&#39;orma</span> <span class='ocrx_word' id='word_1_198' title='bbox 877 2154 1057 2196; x_wconf 84' lang='lat' dir='ltr'>respondit</span> <span class='ocrx_word' id='word_1_199' title='bbox 1074 2165 1141 2185; x_wconf 89' lang='lat' dir='ltr'>non</span> <span class='ocrx_word' id='word_1_200' title='bbox 1160 2163 1261 2195; x_wconf 88' lang='lat' dir='ltr'>posse</span> 
     </span>
     <span class='ocr_line' id='line_1_36' title="bbox 417 2207 1263 2251; baseline -0.005 -10"><span class='ocrx_word' id='word_1_201' title='bbox 417 2221 452 2241; x_wconf 89' lang='lat' dir='ltr'>se</span> <span class='ocrx_word' id='word_1_202' title='bbox 469 2217 564 2241; x_wconf 82' lang='lat' dir='ltr'>tanto</span> <span class='ocrx_word' id='word_1_203' title='bbox 582 2209 742 2251; x_wconf 87' lang='lat' dir='ltr'>principi,</span> <span class='ocrx_word' id='word_1_204' title='bbox 760 2215 906 2250; x_wconf 89' lang='lat' dir='ltr'>quantus</span> <span class='ocrx_word' id='word_1_205' title='bbox 921 2209 989 2240; x_wconf 82' lang='lat' dir='ltr'>dux</span> <span class='ocrx_word' id='word_1_206' title='bbox 1008 2215 1057 2239; x_wconf 90' lang='lat' dir='ltr'>est</span> <span class='ocrx_word' id='word_1_207' title='bbox 1074 2207 1263 2249; x_wconf 62' lang='lat' dir='ltr'>Romilius,</span> 
     </span>
     <span class='ocr_line' id='line_1_37' title="bbox 418 2261 1263 2304; baseline -0.005 -10"><span class='ocrx_word' id='word_1_208' title='bbox 418 2263 501 2304; x_wconf 88' lang='lat' dir='ltr'>quin</span> <span class='ocrx_word' id='word_1_209' title='bbox 526 2273 588 2304; x_wconf 90' lang='lat' dir='ltr'>pro</span> <span class='ocrx_word' id='word_1_210' title='bbox 613 2262 712 2294; x_wconf 85' lang='lat' dir='ltr'>libito</span> <span class='ocrx_word' id='word_1_211' title='bbox 737 2272 798 2293; x_wconf 88' lang='lat' dir='ltr'>suo</span> <span class='ocrx_word' id='word_1_212' title='bbox 822 2262 890 2293; x_wconf 90' lang='lat' dir='ltr'>iret</span> <span class='ocrx_word' id='word_1_213' title='bbox 914 2261 1124 2303; x_wconf 85' lang='lat' dir='ltr'>rediretque,</span> <span class='ocrx_word' id='word_1_214' title='bbox 1144 2270 1263 2301; x_wconf 86' lang='lat' dir='ltr'>passus</span> 
     </span>
     <span class='ocr_line' id='line_1_38' title="bbox 419 2313 1263 2357; baseline -0.002 -11"><span class='ocrx_word' id='word_1_215' title='bbox 419 2316 611 2352; x_wconf 88' lang='lat' dir='ltr'>recludere,</span> <span class='ocrx_word' id='word_1_216' title='bbox 647 2326 687 2346; x_wconf 88' lang='lat' dir='ltr'>eo</span> <span class='ocrx_word' id='word_1_217' title='bbox 722 2315 815 2357; x_wconf 88' lang='lat' dir='ltr'>quod</span> <span class='ocrx_word' id='word_1_218' title='bbox 847 2314 890 2345; x_wconf 88' lang='lat' dir='ltr'>de</span> <span class='ocrx_word' id='word_1_219' title='bbox 922 2313 1044 2345; x_wconf 90' lang='lat' dir='ltr'>domus</span> <span class='ocrx_word' id='word_1_220' title='bbox 1079 2323 1138 2344; x_wconf 89' lang='lat' dir='ltr'>sue</span> <span class='ocrx_word' id='word_1_221' title='bbox 1169 2324 1263 2345; x_wconf 89' lang='lat' dir='ltr'>more</span> 
     </span>
     <span class='ocr_line' id='line_1_39' title="bbox 421 2367 1264 2411; baseline -0.004 -11"><span class='ocrx_word' id='word_1_222' title='bbox 421 2380 604 2411; x_wconf 83' lang='lat' dir='ltr'>numquam</span> <span class='ocrx_word' id='word_1_223' title='bbox 636 2368 719 2410; x_wconf 90' lang='lat' dir='ltr'>quid</span> <span class='ocrx_word' id='word_1_224' title='bbox 749 2368 818 2398; x_wconf 88' lang='lat' dir='ltr'>tale</span> <span class='ocrx_word' id='word_1_225' title='bbox 847 2374 1018 2398; x_wconf 87' lang='lat' dir='ltr'>servatum</span> <span class='ocrx_word' id='word_1_226' title='bbox 1050 2367 1174 2404; x_wconf 82' lang='lat' dir='ltr'>fuerat,</span> <span class='ocrx_word' id='word_1_227' title='bbox 1200 2377 1264 2398; x_wconf 91' lang='lat' dir='ltr'>nec</span> 
     </span>
     <span class='ocr_line' id='line_1_40' title="bbox 421 2421 1263 2464; baseline -0.002 -11"><span class='ocrx_word' id='word_1_228' title='bbox 421 2430 564 2464; x_wconf 85' lang='lat' dir='ltr'>propter</span> <span class='ocrx_word' id='word_1_229' title='bbox 587 2422 800 2452; x_wconf 88' lang='lat' dir='ltr'>imminentes</span> <span class='ocrx_word' id='word_1_230' title='bbox 824 2421 887 2452; x_wconf 87' lang='lat' dir='ltr'>sibi</span> <span class='ocrx_word' id='word_1_231' title='bbox 909 2422 1078 2452; x_wconf 86' lang='lat' dir='ltr'>novitates</span> <span class='ocrx_word' id='word_1_232' title='bbox 1096 2421 1139 2451; x_wconf 91' lang='lat' dir='ltr'>de</span> <span class='ocrx_word' id='word_1_233' title='bbox 1156 2421 1263 2462; x_wconf 84' lang='lat' dir='ltr'>petito</span> 
     </span>
     <span class='ocr_line' id='line_1_41' title="bbox 421 2474 1264 2516; baseline -0.002 -10"><span class='ocrx_word' id='word_1_234' title='bbox 421 2476 485 2507; x_wconf 84' lang='lat' dir='ltr'>sibi</span> <span class='ocrx_word' id='word_1_235' title='bbox 509 2475 662 2506; x_wconf 84' lang='lat' dir='ltr'>subsidio</span> <span class='ocrx_word' id='word_1_236' title='bbox 686 2485 787 2515; x_wconf 89' lang='lat' dir='ltr'>posse</span> <span class='ocrx_word' id='word_1_237' title='bbox 812 2475 959 2506; x_wconf 88' lang='lat' dir='ltr'>necdum</span> <span class='ocrx_word' id='word_1_238' title='bbox 976 2485 1083 2516; x_wconf 84' lang='lat' dir='ltr'>usque</span> <span class='ocrx_word' id='word_1_239' title='bbox 1101 2474 1145 2505; x_wconf 91' lang='lat' dir='ltr'>ad</span> <span class='ocrx_word' id='word_1_240' title='bbox 1161 2484 1264 2505; x_wconf 84' lang='lat' dir='ltr'>unam</span> 
     </span>
     <span class='ocr_line' id='line_1_42' title="bbox 424 2527 1264 2570; baseline -0.004 -11"><span class='ocrx_word' id='word_1_241' title='bbox 424 2528 622 2559; x_wconf 77' lang='lat' dir='ltr'>banderiam</span> <span class='ocrx_word' id='word_1_242' title='bbox 659 2528 722 2558; x_wconf 88' lang='lat' dir='ltr'>sibi</span> <span class='ocrx_word' id='word_1_243' title='bbox 758 2528 800 2558; x_wconf 92' lang='lat' dir='ltr'>de</span> <span class='ocrx_word' id='word_1_244' title='bbox 836 2527 1015 2570; x_wconf 86' lang='lat' dir='ltr'>armigeris</span> <span class='ocrx_word' id='word_1_245' title='bbox 1050 2527 1190 2564; x_wconf 87' lang='lat' dir='ltr'>servire,</span> <span class='ocrx_word' id='word_1_246' title='bbox 1225 2537 1264 2557; x_wconf 88' lang='lat' dir='ltr'>ac</span> 
     </span>
     <span class='ocr_line' id='line_1_43' title="bbox 423 2580 1262 2618; baseline -0.002 -6"><span class='ocrx_word' id='word_1_247' title='bbox 423 2582 527 2613; x_wconf 81' lang='lat' dir='ltr'>etiam</span> <span class='ocrx_word' id='word_1_248' title='bbox 552 2581 618 2612; x_wconf 87' lang='lat' dir='ltr'>sibi</span> <span class='ocrx_word' id='word_1_249' title='bbox 645 2581 784 2612; x_wconf 88' lang='lat' dir='ltr'>minime</span> <span class='ocrx_word' id='word_1_250' title='bbox 816 2582 905 2613; x_wconf 76' lang='lat' dir='ltr'>foret</span> <span class='ocrx_word' id='word_1_251' title='bbox 937 2582 1130 2618; x_wconf 80' lang='lat' dir='ltr'>honestum,</span> <span class='ocrx_word' id='word_1_252' title='bbox 1162 2587 1197 2611; x_wconf 91' lang='lat' dir='ltr'>ut</span> <span class='ocrx_word' id='word_1_253' title='bbox 1228 2580 1262 2610; x_wconf 82' lang='lat' dir='ltr'>iu</span> 
     </span>
     <span class='ocr_line' id='line_1_44' title="bbox 423 2634 1263 2676; baseline -0.002 -10"><span class='ocrx_word' id='word_1_254' title='bbox 423 2634 644 2672; x_wconf 87' lang='lat' dir='ltr'>Lombardia‚</span> <span class='ocrx_word' id='word_1_255' title='bbox 669 2640 779 2666; x_wconf 80' lang='lat' dir='ltr'>stante</span> <span class='ocrx_word' id='word_1_256' title='bbox 805 2636 904 2672; x_wconf 89' lang='lat' dir='ltr'>duce,</span> <span class='ocrx_word' id='word_1_257' title='bbox 926 2635 981 2676; x_wconf 92' lang='lat' dir='ltr'>qui</span> <span class='ocrx_word' id='word_1_258' title='bbox 1000 2645 1063 2676; x_wconf 89' lang='lat' dir='ltr'>per</span> <span class='ocrx_word' id='word_1_259' title='bbox 1091 2634 1263 2665; x_wconf 73' lang='lat' dir='ltr'>Veronam</span> 
     </span>
     <span class='ocr_line' id='line_1_45' title="bbox 423 2687 1265 2720; baseline -0.004 0"><span class='ocrx_word' id='word_1_260' title='bbox 423 2689 657 2720; x_wconf 87' lang='lat' dir='ltr'>Mediolanum</span> <span class='ocrx_word' id='word_1_261' title='bbox 683 2693 876 2719; x_wconf 87' lang='lat' dir='ltr'>accesserat</span> <span class='ocrx_word' id='word_1_262' title='bbox 901 2694 935 2718; x_wconf 90' lang='lat' dir='ltr'>et</span> <span class='ocrx_word' id='word_1_263' title='bbox 957 2688 1038 2718; x_wconf 91' lang='lat' dir='ltr'>inde</span> <span class='ocrx_word' id='word_1_264' title='bbox 1055 2687 1182 2718; x_wconf 87' lang='lat' dir='ltr'>reverti</span> <span class='ocrx_word' id='word_1_265' title='bbox 1206 2687 1265 2717; x_wconf 87' lang='lat' dir='ltr'>de-</span> 
     </span>
     <span class='ocr_line' id='line_1_46' title="bbox 423 2739 1264 2783; baseline -0.005 -9"><span class='ocrx_word' id='word_1_266' title='bbox 423 2743 538 2779; x_wconf 89' lang='lat' dir='ltr'>bebat,</span> <span class='ocrx_word' id='word_1_267' title='bbox 563 2749 684 2773; x_wconf 83' lang='lat' dir='ltr'>contra</span> <span class='ocrx_word' id='word_1_268' title='bbox 708 2742 820 2783; x_wconf 89' lang='lat' dir='ltr'>ipsum</span> <span class='ocrx_word' id='word_1_269' title='bbox 843 2741 947 2773; x_wconf 88' lang='lat' dir='ltr'>alicui</span> <span class='ocrx_word' id='word_1_270' title='bbox 972 2740 1133 2781; x_wconf 84' lang='lat' dir='ltr'>preberet</span> <span class='ocrx_word' id='word_1_271' title='bbox 1158 2739 1264 2771; x_wconf 91' lang='lat' dir='ltr'>subsi-</span> 
     </span>
     <span class='ocr_line' id='line_1_47' title="bbox 426 2796 530 2827; baseline -0.01 0"><span class='ocrx_word' id='word_1_272' title='bbox 426 2796 530 2827; x_wconf 84' lang='lat' dir='ltr'>dium.</span> 
     </span>
    </p>
   </div>
   <div class='ocr_carea' id='block_1_4' title="bbox 1278 456 1290 1594">
    <p class='ocr_par' dir='ltr' id='par_1_4' title="bbox 1278 456 1290 1594">
     <span class='ocr_line' id='line_1_48' title="bbox 1278 456 1290 1594; baseline 0 0"><span class='ocrx_word' id='word_1_273' title='bbox 1278 456 1290 1594; x_wconf 95' lang='lat' dir='ltr'> </span> 
     </span>
    </p>
   </div>
   <div class='ocr_carea' id='block_1_5' title="bbox 1290 1782 1304 3027">
    <p class='ocr_par' dir='ltr' id='par_1_5' title="bbox 1290 1782 1304 3027">
     <span class='ocr_line' id='line_1_49' title="bbox 1290 1782 1304 3027; baseline 0 0"><span class='ocrx_word' id='word_1_274' title='bbox 1290 1782 1304 3027; x_wconf 95' lang='lat' dir='ltr'> </span> 
     </span>
    </p>
   </div>
   <div class='ocr_carea' id='block_1_6' title="bbox 1316 873 1353 902">
    <p class='ocr_par' dir='ltr' id='par_1_6' title="bbox 1316 873 1353 902">
     <span class='ocr_line' id='line_1_50' title="bbox 1316 873 1353 902; baseline -0.054 0"><span class='ocrx_word' id='word_1_275' title='bbox 1316 873 1353 902; x_wconf 86' lang='lat'>10</span> 
     </span>
    </p>
   </div>
   <div class='ocr_carea' id='block_1_7' title="bbox 1318 1137 1354 1167">
    <p class='ocr_par' dir='ltr' id='par_1_7' title="bbox 1318 1137 1354 1167">
     <span class='ocr_line' id='line_1_51' title="bbox 1318 1137 1354 1167; baseline 0 0"><span class='ocrx_word' id='word_1_276' title='bbox 1318 1137 1354 1167; x_wconf 88' lang='lat'>15</span> 
     </span>
    </p>
   </div>
   <div class='ocr_carea' id='block_1_8' title="bbox 1318 1403 1358 1433">
    <p class='ocr_par' dir='ltr' id='par_1_8' title="bbox 1318 1403 1358 1433">
     <span class='ocr_line' id='line_1_52' title="bbox 1318 1403 1358 1433; baseline -0.025 0"><span class='ocrx_word' id='word_1_277' title='bbox 1318 1403 1358 1433; x_wconf 84' lang='lat'>20</span> 
     </span>
    </p>
   </div>
   <div class='ocr_carea' id='block_1_9' title="bbox 1321 1669 1359 1701">
    <p class='ocr_par' dir='ltr' id='par_1_9' title="bbox 1321 1669 1359 1701">
     <span class='ocr_line' id='line_1_53' title="bbox 1321 1669 1359 1701; baseline -0.026 0"><span class='ocrx_word' id='word_1_278' title='bbox 1321 1669 1359 1701; x_wconf 86' lang='lat'>25</span> 
     </span>
    </p>
   </div>
   <div class='ocr_carea' id='block_1_10' title="bbox 1321 1934 1362 1964">
    <p class='ocr_par' dir='ltr' id='par_1_10' title="bbox 1321 1934 1362 1964">
     <span class='ocr_line' id='line_1_54' title="bbox 1321 1934 1362 1964; baseline 0 0"><span class='ocrx_word' id='word_1_279' title='bbox 1321 1934 1362 1964; x_wconf 83' lang='lat'>30</span> 
     </span>
    </p>
   </div>
   <div class='ocr_carea' id='block_1_11' title="bbox 1323 2197 1364 2230">
    <p class='ocr_par' dir='ltr' id='par_1_11' title="bbox 1323 2197 1364 2230">
     <span class='ocr_line' id='line_1_55' title="bbox 1323 2197 1364 2230; baseline -0.024 0"><span class='ocrx_word' id='word_1_280' title='bbox 1323 2197 1364 2230; x_wconf 82' lang='lat'>35</span> 
     </span>
    </p>
   </div>
   <div class='ocr_carea' id='block_1_12' title="bbox 1327 2465 1367 2494">
    <p class='ocr_par' dir='ltr' id='par_1_12' title="bbox 1327 2465 1367 2494">
     <span class='ocr_line' id='line_1_56' title="bbox 1327 2465 1367 2494; baseline 0 0"><span class='ocrx_word' id='word_1_281' title='bbox 1327 2465 1367 2494; x_wconf 80' lang='lat'>40</span> 
     </span>
    </p>
   </div>
   <div class='ocr_carea' id='block_1_13' title="bbox 1328 2728 1367 2759">
    <p class='ocr_par' dir='ltr' id='par_1_13' title="bbox 1328 2728 1367 2759">
     <span class='ocr_line' id='line_1_57' title="bbox 1328 2728 1367 2759; baseline 0 0"><span class='ocrx_word' id='word_1_282' title='bbox 1328 2728 1367 2759; x_wconf 86' lang='lat'>45</span> 
     </span>
    </p>
   </div>
   <div class='ocr_carea' id='block_1_14' title="bbox 1331 2992 1370 3022">
    <p class='ocr_par' dir='ltr' id='par_1_14' title="bbox 1331 2992 1370 3022">
     <span class='ocr_line' id='line_1_58' title="bbox 1331 2992 1370 3022; baseline 0 0"><span class='ocrx_word' id='word_1_283' title='bbox 1331 2992 1370 3022; x_wconf 87' lang='grc'>50</span> 
     </span>
    </p>
   </div>
   <div class='ocr_carea' id='block_1_15' title="bbox 1371 628 1390 2538">
    <p class='ocr_par' dir='ltr' id='par_1_15' title="bbox 1371 628 1390 2538">
     <span class='ocr_line' id='line_1_59' title="bbox 1371 628 1390 2538; baseline 0 0"><span class='ocrx_word' id='word_1_284' title='bbox 1371 628 1390 2538; x_wconf 95' lang='lat' dir='ltr'> </span> 
     </span>
    </p>
   </div>
   <div class='ocr_carea' id='block_1_16' title="bbox 1722 373 1918 406">
    <p class='ocr_par' dir='ltr' id='par_1_16' title="bbox 1722 373 1918 406">
     <span class='ocr_line' id='line_1_60' title="bbox 1722 373 1918 406; baseline 0 -1"><span class='ocrx_word' id='word_1_285' title='bbox 1722 374 1862 406; x_wconf 79' lang='lat' dir='ltr'>REDAZ.</span> <span class='ocrx_word' id='word_1_286' title='bbox 1886 373 1918 405; x_wconf 95' lang='lat' dir='ltr'><em>D</em></span> 
     </span>
    </p>
   </div>
   <div class='ocr_carea' id='block_1_17' title="bbox 1405 443 2256 1654">
    <p class='ocr_par' dir='ltr' id='par_1_17' title="bbox 1405 443 2256 1654">
     <span class='ocr_line' id='line_1_61' title="bbox 1406 443 2244 489; baseline -0.001 -12"><span class='ocrx_word' id='word_1_287' title='bbox 1406 446 1550 478; x_wconf 85' lang='lat' dir='ltr'>l’inclito</span> <span class='ocrx_word' id='word_1_288' title='bbox 1573 456 1610 477; x_wconf 91' lang='lat' dir='ltr'>re</span> <span class='ocrx_word' id='word_1_289' title='bbox 1628 446 1671 477; x_wconf 92' lang='lat' dir='ltr'>de</span> <span class='ocrx_word' id='word_1_290' title='bbox 1687 446 1865 489; x_wconf 87' lang='lat' dir='ltr'>Hongaria</span> <span class='ocrx_word' id='word_1_291' title='bbox 1881 454 1991 476; x_wconf 91' lang='lat' dir='ltr'>venne</span> <span class='ocrx_word' id='word_1_292' title='bbox 2015 443 2065 475; x_wconf 91' lang='lat' dir='ltr'>sul</span> <span class='ocrx_word' id='word_1_293' title='bbox 2089 443 2244 477; x_wconf 86' lang='lat' dir='ltr'>trivisan.</span> 
     </span>
     <span class='ocr_line' id='line_1_62' title="bbox 1407 497 2246 541; baseline -0.002 -11"><span class='ocrx_word' id='word_1_294' title='bbox 1407 500 1474 531; x_wconf 86' lang='lat' dir='ltr'>Per</span> <span class='ocrx_word' id='word_1_295' title='bbox 1496 499 1741 540; x_wconf 89' lang='lat' dir='ltr'>interposicion</span> <span class='ocrx_word' id='word_1_296' title='bbox 1766 498 1823 530; x_wconf 90' lang='lat' dir='ltr'>del</span> <span class='ocrx_word' id='word_1_297' title='bbox 1847 498 1928 541; x_wconf 91' lang='lat' dir='ltr'>qual</span> <span class='ocrx_word' id='word_1_298' title='bbox 1945 497 2068 529; x_wconf 89' lang='lat' dir='ltr'>mesier</span> <span class='ocrx_word' id='word_1_299' title='bbox 2091 497 2125 529; x_wconf 93' lang='lat' dir='ltr'>lo</span> <span class='ocrx_word' id='word_1_300' title='bbox 2149 508 2198 536; x_wconf 88' lang='lat' dir='ltr'>re,</span> <span class='ocrx_word' id='word_1_301' title='bbox 2214 498 2246 529; x_wconf 90' lang='lat' dir='ltr'>el</span> 
     </span>
     <span class='ocr_line' id='line_1_63' title="bbox 1405 549 2245 595; baseline -0.002 -11"><span class='ocrx_word' id='word_1_302' title='bbox 1405 553 1602 584; x_wconf 85' lang='lat' dir='ltr'>sovradicto</span> <span class='ocrx_word' id='word_1_303' title='bbox 1621 553 1737 595; x_wconf 79' lang='lat' dir='ltr'>signor</span> <span class='ocrx_word' id='word_1_304' title='bbox 1760 552 1887 584; x_wconf 87' lang='lat' dir='ltr'>mesier</span> <span class='ocrx_word' id='word_1_305' title='bbox 1912 552 2108 582; x_wconf 85' lang='lat' dir='ltr'>Francesco</span> <span class='ocrx_word' id='word_1_306' title='bbox 2133 549 2188 582; x_wconf 87' lang='lat' dir='ltr'>de’</span> <span class='ocrx_word' id='word_1_307' title='bbox 2213 550 2245 582; x_wconf 91' lang='lat' dir='ltr'>al</span> 
     </span>
     <span class='ocr_line' id='line_1_64' title="bbox 1407 603 2248 645; baseline -0.002 -9"><span class='ocrx_word' id='word_1_308' title='bbox 1407 606 1585 638; x_wconf 87' lang='lat' dir='ltr'>marchese</span> <span class='ocrx_word' id='word_1_309' title='bbox 1605 606 1647 636; x_wconf 90' lang='lat' dir='ltr'>de</span> <span class='ocrx_word' id='word_1_310' title='bbox 1666 604 1950 645; x_wconf 83' lang='lat' dir='ltr'>Brandemburgo</span> <span class='ocrx_word' id='word_1_311' title='bbox 1968 614 2034 635; x_wconf 91' lang='lat' dir='ltr'>con</span> <span class='ocrx_word' id='word_1_312' title='bbox 2052 604 2137 634; x_wconf 88' lang='lat' dir='ltr'>certi</span> <span class='ocrx_word' id='word_1_313' title='bbox 2155 603 2248 645; x_wconf 81' lang='lat' dir='ltr'>pacti</span> 
     </span>
     <span class='ocr_line' id='line_1_65' title="bbox 1407 651 2246 701; baseline -0.002 -11"><span class='ocrx_word' id='word_1_314' title='bbox 1407 651 1417 682; x_wconf 72' lang='lat' dir='ltr'>i</span> <span class='ocrx_word' id='word_1_315' title='bbox 1434 659 1536 701; x_wconf 87' lang='lat' dir='ltr'>luogi,</span> <span class='ocrx_word' id='word_1_316' title='bbox 1555 659 1619 690; x_wconf 92' lang='lat' dir='ltr'>che</span> <span class='ocrx_word' id='word_1_317' title='bbox 1635 658 1701 690; x_wconf 90' lang='lat' dir='ltr'>ello</span> <span class='ocrx_word' id='word_1_318' title='bbox 1719 658 1834 700; x_wconf 85' lang='lat' dir='ltr'>tegnia</span> <span class='ocrx_word' id='word_1_319' title='bbox 1847 657 1899 689; x_wconf 88' lang='lat' dir='ltr'>sul</span> <span class='ocrx_word' id='word_1_320' title='bbox 1913 663 2027 689; x_wconf 88' lang='lat' dir='ltr'>terren</span> <span class='ocrx_word' id='word_1_321' title='bbox 2044 657 2087 688; x_wconf 92' lang='lat' dir='ltr'>de</span> <span class='ocrx_word' id='word_1_322' title='bbox 2103 656 2246 688; x_wconf 80' lang='lat' dir='ltr'>Trento.</span> 
     </span>
     <span class='ocr_line' id='line_1_66' title="bbox 1407 709 2248 753; baseline -0.001 -11"><span class='ocrx_word' id='word_1_323' title='bbox 1407 712 1460 742; x_wconf 92' lang='lat' dir='ltr'>Da</span> <span class='ocrx_word' id='word_1_324' title='bbox 1482 712 1615 743; x_wconf 90' lang='lat' dir='ltr'>Trento</span> <span class='ocrx_word' id='word_1_325' title='bbox 1639 711 1695 753; x_wconf 92' lang='lat' dir='ltr'>poi</span> <span class='ocrx_word' id='word_1_326' title='bbox 1721 710 1811 742; x_wconf 76' lang='lat' dir='ltr'>ando</span> <span class='ocrx_word' id='word_1_327' title='bbox 1829 710 1860 741; x_wconf 89' lang='lat' dir='ltr'>el</span> <span class='ocrx_word' id='word_1_328' title='bbox 1878 710 1974 741; x_wconf 88' lang='lat' dir='ltr'>dicto</span> <span class='ocrx_word' id='word_1_329' title='bbox 1991 710 2075 741; x_wconf 89' lang='lat' dir='ltr'>duse</span> <span class='ocrx_word' id='word_1_330' title='bbox 2092 709 2248 741; x_wconf 72' lang='lat' dir='ltr'>Rodulfo</span> 
     </span>
     <span class='ocr_line' id='line_1_67' title="bbox 1407 761 2249 805; baseline -0.004 -9"><span class='ocrx_word' id='word_1_331' title='bbox 1407 776 1427 796; x_wconf 88' lang='lat' dir='ltr'>a</span> <span class='ocrx_word' id='word_1_332' title='bbox 1451 765 1604 803; x_wconf 86' lang='lat' dir='ltr'>Verona,</span> <span class='ocrx_word' id='word_1_333' title='bbox 1627 763 1658 796; x_wconf 88' lang='lat' dir='ltr'>o&#39;</span> <span class='ocrx_word' id='word_1_334' title='bbox 1683 763 1749 795; x_wconf 91' lang='lat' dir='ltr'>ello</span> <span class='ocrx_word' id='word_1_335' title='bbox 1773 764 1811 795; x_wconf 78' lang='lat' dir='ltr'>fu</span> <span class='ocrx_word' id='word_1_336' title='bbox 1826 763 2003 795; x_wconf 90' lang='lat' dir='ltr'>recevudo</span> <span class='ocrx_word' id='word_1_337' title='bbox 2027 772 2092 794; x_wconf 90' lang='lat' dir='ltr'>con</span> <span class='ocrx_word' id='word_1_338' title='bbox 2115 761 2249 805; x_wconf 86' lang='lat' dir='ltr'>grande</span> 
     </span>
     <span class='ocr_line' id='line_1_68' title="bbox 1409 815 2249 858; baseline -0.004 -9"><span class='ocrx_word' id='word_1_339' title='bbox 1409 818 1550 855; x_wconf 88' lang='lat' dir='ltr'>honore,</span> <span class='ocrx_word' id='word_1_340' title='bbox 1573 823 1608 849; x_wconf 87' lang='lat' dir='ltr'>et</span> <span class='ocrx_word' id='word_1_341' title='bbox 1631 818 1675 848; x_wconf 88' lang='lat' dir='ltr'>da</span> <span class='ocrx_word' id='word_1_342' title='bbox 1701 817 1840 849; x_wconf 83' lang='lat' dir='ltr'>Verona</span> <span class='ocrx_word' id='word_1_343' title='bbox 1866 816 1922 858; x_wconf 91' lang='lat' dir='ltr'>poi</span> <span class='ocrx_word' id='word_1_344' title='bbox 1947 816 2036 847; x_wconf 79' lang='lat' dir='ltr'>ando</span> <span class='ocrx_word' id='word_1_345' title='bbox 2060 826 2080 846; x_wconf 90' lang='lat' dir='ltr'>a</span> <span class='ocrx_word' id='word_1_346' title='bbox 2104 815 2249 852; x_wconf 79' lang='lat' dir='ltr'>Milano.</span> 
     </span>
     <span class='ocr_line' id='line_1_69' title="bbox 1409 869 2250 911; baseline -0.005 -8"><span class='ocrx_word' id='word_1_347' title='bbox 1409 878 1444 903; x_wconf 88' lang='lat' dir='ltr'>et</span> <span class='ocrx_word' id='word_1_348' title='bbox 1467 871 1490 902; x_wconf 87' lang='lat' dir='ltr'>li</span> <span class='ocrx_word' id='word_1_349' title='bbox 1515 871 1667 903; x_wconf 89' lang='lat' dir='ltr'>etiandio</span> <span class='ocrx_word' id='word_1_350' title='bbox 1692 871 1729 902; x_wconf 80' lang='lat' dir='ltr'>fo</span> <span class='ocrx_word' id='word_1_351' title='bbox 1753 870 1928 902; x_wconf 85' lang='lat' dir='ltr'>recevudo</span> <span class='ocrx_word' id='word_1_352' title='bbox 1953 879 2020 901; x_wconf 91' lang='lat' dir='ltr'>con</span> <span class='ocrx_word' id='word_1_353' title='bbox 2044 869 2166 911; x_wconf 85' lang='lat' dir='ltr'>grandi</span> <span class='ocrx_word' id='word_1_354' title='bbox 2192 879 2250 910; x_wconf 90' lang='lat' dir='ltr'>ap-</span> 
     </span>
     <span class='ocr_line' id='line_1_70' title="bbox 1409 922 2251 966; baseline -0.005 -10"><span class='ocrx_word' id='word_1_355' title='bbox 1409 924 1692 966; x_wconf 86' lang='lat' dir='ltr'>parechiamenti.</span> <span class='ocrx_word' id='word_1_356' title='bbox 1739 923 1814 955; x_wconf 86' lang='lat' dir='ltr'>Con</span> <span class='ocrx_word' id='word_1_357' title='bbox 1843 923 1875 954; x_wconf 94' lang='lat' dir='ltr'>lo</span> <span class='ocrx_word' id='word_1_358' title='bbox 1907 923 1986 964; x_wconf 87' lang='lat' dir='ltr'>qual</span> <span class='ocrx_word' id='word_1_359' title='bbox 2017 922 2140 953; x_wconf 89' lang='lat' dir='ltr'>mesier</span> <span class='ocrx_word' id='word_1_360' title='bbox 2171 922 2251 953; x_wconf 87' lang='lat' dir='ltr'>Ber-</span> 
     </span>
     <span class='ocr_line' id='line_1_71' title="bbox 1409 974 2250 1017; baseline -0.004 -9"><span class='ocrx_word' id='word_1_361' title='bbox 1409 977 1510 1014; x_wconf 77' lang='lat' dir='ltr'>nabb,</span> <span class='ocrx_word' id='word_1_362' title='bbox 1532 977 1670 1008; x_wconf 81' lang='lat' dir='ltr'>l’animo</span> <span class='ocrx_word' id='word_1_363' title='bbox 1695 977 1750 1007; x_wconf 91' lang='lat' dir='ltr'>del</span> <span class='ocrx_word' id='word_1_364' title='bbox 1775 975 1854 1017; x_wconf 92' lang='lat' dir='ltr'>qual</span> <span class='ocrx_word' id='word_1_365' title='bbox 1880 981 1913 1006; x_wconf 87' lang='lat' dir='ltr'>et</span> <span class='ocrx_word' id='word_1_366' title='bbox 1937 976 2018 1017; x_wconf 79' lang='lat' dir='ltr'>ogni</span> <span class='ocrx_word' id='word_1_367' title='bbox 2035 985 2072 1006; x_wconf 88' lang='lat' dir='ltr'>so</span> <span class='ocrx_word' id='word_1_368' title='bbox 2090 974 2250 1016; x_wconf 88' lang='lat' dir='ltr'>pensiero</span> 
     </span>
     <span class='ocr_line' id='line_1_72' title="bbox 1411 1027 2250 1071; baseline -0.004 -11"><span class='ocrx_word' id='word_1_369' title='bbox 1411 1028 1579 1071; x_wconf 83' lang='lat' dir='ltr'>veghiava</span> <span class='ocrx_word' id='word_1_370' title='bbox 1603 1039 1666 1070; x_wconf 90' lang='lat' dir='ltr'>pur</span> <span class='ocrx_word' id='word_1_371' title='bbox 1689 1028 1721 1058; x_wconf 90' lang='lat' dir='ltr'>ai</span> <span class='ocrx_word' id='word_1_372' title='bbox 1744 1027 1857 1058; x_wconf 88' lang='lat' dir='ltr'>damni</span> <span class='ocrx_word' id='word_1_373' title='bbox 1876 1028 1931 1059; x_wconf 87' lang='lat' dir='ltr'>del</span> <span class='ocrx_word' id='word_1_374' title='bbox 1949 1027 2042 1058; x_wconf 86' lang='lat' dir='ltr'>dicto</span> <span class='ocrx_word' id='word_1_375' title='bbox 2059 1027 2250 1070; x_wconf 76' lang='lat' dir='ltr'>magnifico</span> 
     </span>
     <span class='ocr_line' id='line_1_73' title="bbox 1411 1079 2251 1123; baseline -0.002 -11"><span class='ocrx_word' id='word_1_376' title='bbox 1411 1082 1529 1123; x_wconf 84' lang='lat' dir='ltr'>signor</span> <span class='ocrx_word' id='word_1_377' title='bbox 1563 1081 1688 1112; x_wconf 87' lang='lat' dir='ltr'>mesier</span> <span class='ocrx_word' id='word_1_378' title='bbox 1720 1081 1927 1116; x_wconf 81' lang='lat' dir='ltr'>Franceseo,</span> <span class='ocrx_word' id='word_1_379' title='bbox 1958 1079 2025 1111; x_wconf 91' lang='lat' dir='ltr'>ello</span> <span class='ocrx_word' id='word_1_380' title='bbox 2057 1090 2094 1110; x_wconf 91' lang='lat' dir='ltr'>se</span> <span class='ocrx_word' id='word_1_381' title='bbox 2126 1079 2196 1122; x_wconf 72' lang='lat' dir='ltr'>ligo</span> <span class='ocrx_word' id='word_1_382' title='bbox 2232 1089 2251 1110; x_wconf 90' lang='lat' dir='ltr'>a</span> 
     </span>
     <span class='ocr_line' id='line_1_74' title="bbox 1413 1132 2251 1175; baseline -0.002 -9"><span class='ocrx_word' id='word_1_383' title='bbox 1413 1134 1554 1166; x_wconf 81' lang='lat' dir='ltr'>doverlo</span> <span class='ocrx_word' id='word_1_384' title='bbox 1579 1134 1738 1175; x_wconf 73' lang='lat' dir='ltr'>inimigar</span> <span class='ocrx_word' id='word_1_385' title='bbox 1761 1134 1805 1164; x_wconf 90' lang='lat' dir='ltr'>ad</span> <span class='ocrx_word' id='word_1_386' title='bbox 1831 1134 1912 1174; x_wconf 73' lang='lat' dir='ltr'>ogni</span> <span class='ocrx_word' id='word_1_387' title='bbox 1943 1143 2004 1164; x_wconf 85' lang='lat' dir='ltr'>sua</span> <span class='ocrx_word' id='word_1_388' title='bbox 2032 1132 2251 1174; x_wconf 89' lang='lat' dir='ltr'>requisicion.</span> 
     </span>
     <span class='ocr_line' id='line_1_75' title="bbox 1413 1186 2251 1228; baseline -0.002 -10"><span class='ocrx_word' id='word_1_389' title='bbox 1413 1187 1472 1218; x_wconf 88' lang='lat' dir='ltr'>Ma</span> <span class='ocrx_word' id='word_1_390' title='bbox 1495 1187 1525 1218; x_wconf 90' lang='lat' dir='ltr'>el</span> <span class='ocrx_word' id='word_1_391' title='bbox 1552 1187 1738 1228; x_wconf 69' lang='lat' dir='ltr'>magnifico</span> <span class='ocrx_word' id='word_1_392' title='bbox 1768 1187 1884 1228; x_wconf 86' lang='lat' dir='ltr'>signor</span> <span class='ocrx_word' id='word_1_393' title='bbox 1908 1186 2032 1217; x_wconf 87' lang='lat' dir='ltr'>mesier</span> <span class='ocrx_word' id='word_1_394' title='bbox 2057 1187 2251 1217; x_wconf 85' lang='lat' dir='ltr'>Francesco</span> 
     </span>
     <span class='ocr_line' id='line_1_76' title="bbox 1414 1239 2255 1282; baseline -0.001 -11"><span class='ocrx_word' id='word_1_395' title='bbox 1414 1241 1457 1271; x_wconf 87' lang='lat' dir='ltr'>da</span> <span class='ocrx_word' id='word_1_396' title='bbox 1481 1240 1636 1277; x_wconf 85' lang='lat' dir='ltr'>Carrara,</span> <span class='ocrx_word' id='word_1_397' title='bbox 1661 1240 1894 1282; x_wconf 72' lang='lat' dir='ltr'>acorcandose</span> <span class='ocrx_word' id='word_1_398' title='bbox 1911 1240 1942 1271; x_wconf 89' lang='lat' dir='ltr'>el</span> <span class='ocrx_word' id='word_1_399' title='bbox 1961 1240 2055 1271; x_wconf 85' lang='lat' dir='ltr'>dicto</span> <span class='ocrx_word' id='word_1_400' title='bbox 2079 1240 2163 1271; x_wconf 75' lang='lat' dir='ltr'>dus&#39;e</span> <span class='ocrx_word' id='word_1_401' title='bbox 2182 1239 2255 1271; x_wconf 89' lang='lat' dir='ltr'>Ru-</span> 
     </span>
     <span class='ocr_line' id='line_1_77' title="bbox 1414 1293 2254 1335; baseline -0.002 -10"><span class='ocrx_word' id='word_1_402' title='bbox 1414 1294 1511 1325; x_wconf 80' lang='lat' dir='ltr'>dolfo</span> <span class='ocrx_word' id='word_1_403' title='bbox 1537 1294 1579 1325; x_wconf 92' lang='lat' dir='ltr'>de</span> <span class='ocrx_word' id='word_1_404' title='bbox 1605 1293 1640 1324; x_wconf 86' lang='lat' dir='ltr'>di</span> <span class='ocrx_word' id='word_1_405' title='bbox 1663 1294 1698 1324; x_wconf 90' lang='lat' dir='ltr'>in</span> <span class='ocrx_word' id='word_1_406' title='bbox 1723 1294 1756 1324; x_wconf 81' lang='lat' dir='ltr'>di</span> <span class='ocrx_word' id='word_1_407' title='bbox 1786 1294 1845 1335; x_wconf 76' lang='lat' dir='ltr'>piu</span> <span class='ocrx_word' id='word_1_408' title='bbox 1879 1294 2022 1324; x_wconf 88' lang='lat' dir='ltr'>cerchar</span> <span class='ocrx_word' id='word_1_409' title='bbox 2053 1299 2175 1325; x_wconf 81' lang='lat' dir='ltr'>contra</span> <span class='ocrx_word' id='word_1_410' title='bbox 2206 1293 2254 1324; x_wconf 92' lang='lat' dir='ltr'>lui</span> 
     </span>
     <span class='ocr_line' id='line_1_78' title="bbox 1416 1344 2254 1388; baseline -0.002 -9"><span class='ocrx_word' id='word_1_411' title='bbox 1416 1347 1484 1379; x_wconf 85' lang='lat' dir='ltr'>cosi</span> <span class='ocrx_word' id='word_1_412' title='bbox 1516 1357 1654 1388; x_wconf 89' lang='lat' dir='ltr'>apresso</span> <span class='ocrx_word' id='word_1_413' title='bbox 1688 1346 1718 1377; x_wconf 89' lang='lat' dir='ltr'>el</span> <span class='ocrx_word' id='word_1_414' title='bbox 1751 1347 1866 1388; x_wconf 84' lang='lat' dir='ltr'>signor</span> <span class='ocrx_word' id='word_1_415' title='bbox 1898 1347 1978 1378; x_wconf 86' lang='lat' dir='ltr'>dala</span> <span class='ocrx_word' id='word_1_416' title='bbox 2009 1344 2122 1383; x_wconf 85' lang='lat' dir='ltr'>Scala,</span> <span class='ocrx_word' id='word_1_417' title='bbox 2155 1355 2254 1378; x_wconf 92' lang='lat' dir='ltr'>como</span> 
     </span>
     <span class='ocr_line' id='line_1_79' title="bbox 1414 1399 2254 1442; baseline -0.001 -10"><span class='ocrx_word' id='word_1_418' title='bbox 1414 1411 1553 1442; x_wconf 83' lang='lat' dir='ltr'>apresso</span> <span class='ocrx_word' id='word_1_419' title='bbox 1570 1400 1695 1431; x_wconf 84' lang='lat' dir='ltr'>mesier</span> <span class='ocrx_word' id='word_1_420' title='bbox 1711 1399 1881 1439; x_wconf 77' lang='lat' dir='ltr'>Bernabo,</span> <span class='ocrx_word' id='word_1_421' title='bbox 1900 1411 1961 1441; x_wconf 87' lang='lat' dir='ltr'>per</span> <span class='ocrx_word' id='word_1_422' title='bbox 1977 1410 2014 1431; x_wconf 91' lang='lat' dir='ltr'>so</span> <span class='ocrx_word' id='word_1_423' title='bbox 2031 1410 2141 1432; x_wconf 85' lang='lat' dir='ltr'>messo</span> <span class='ocrx_word' id='word_1_424' title='bbox 2158 1399 2254 1432; x_wconf 85' lang='lat' dir='ltr'>volse</span> 
     </span>
     <span class='ocr_line' id='line_1_80' title="bbox 1416 1452 2254 1495; baseline -0.002 -9"><span class='ocrx_word' id='word_1_425' title='bbox 1416 1461 1528 1486; x_wconf 74' lang='lat' dir='ltr'>tentat</span> <span class='ocrx_word' id='word_1_426' title='bbox 1559 1453 1590 1485; x_wconf 89' lang='lat' dir='ltr'>el</span> <span class='ocrx_word' id='word_1_427' title='bbox 1619 1454 1735 1495; x_wconf 83' lang='lat' dir='ltr'>signor</span> <span class='ocrx_word' id='word_1_428' title='bbox 1770 1453 1929 1494; x_wconf 89' lang='lat' dir='ltr'>predicto</span> <span class='ocrx_word' id='word_1_429' title='bbox 1962 1453 2040 1484; x_wconf 83' lang='lat' dir='ltr'>dala</span> <span class='ocrx_word' id='word_1_430' title='bbox 2075 1452 2189 1490; x_wconf 85' lang='lat' dir='ltr'>Scala,</span> <span class='ocrx_word' id='word_1_431' title='bbox 2222 1452 2254 1484; x_wconf 93' lang='lat' dir='ltr'>el</span> 
     </span>
     <span class='ocr_line' id='line_1_81' title="bbox 1416 1506 2255 1550; baseline 0 -13"><span class='ocrx_word' id='word_1_432' title='bbox 1416 1507 1495 1550; x_wconf 88' lang='lat' dir='ltr'>qual</span> <span class='ocrx_word' id='word_1_433' title='bbox 1512 1507 1580 1538; x_wconf 89' lang='lat' dir='ltr'>ello</span> <span class='ocrx_word' id='word_1_434' title='bbox 1597 1517 1699 1538; x_wconf 88' lang='lat' dir='ltr'>savea</span> <span class='ocrx_word' id='word_1_435' title='bbox 1715 1506 1783 1538; x_wconf 88' lang='lat' dir='ltr'>ben</span> <span class='ocrx_word' id='word_1_436' title='bbox 1800 1506 1983 1549; x_wconf 77' lang='lat' dir='ltr'>favorecar</span> <span class='ocrx_word' id='word_1_437' title='bbox 2000 1506 2031 1537; x_wconf 92' lang='lat' dir='ltr'>el</span> <span class='ocrx_word' id='word_1_438' title='bbox 2049 1506 2142 1538; x_wconf 85' lang='lat' dir='ltr'>dicto</span> <span class='ocrx_word' id='word_1_439' title='bbox 2161 1507 2255 1544; x_wconf 85' lang='lat' dir='ltr'>duse,</span> 
     </span>
     <span class='ocr_line' id='line_1_82' title="bbox 1417 1558 2253 1601; baseline -0.002 -10"><span class='ocrx_word' id='word_1_440' title='bbox 1417 1560 1457 1601; x_wconf 75' lang='lat' dir='ltr'>co</span> <span class='ocrx_word' id='word_1_441' title='bbox 1480 1559 1509 1591; x_wconf 87' lang='lat' dir='ltr'>si</span> <span class='ocrx_word' id='word_1_442' title='bbox 1533 1559 1550 1590; x_wconf 81' lang='grc' dir='ltr'>ὲ</span> <span class='ocrx_word' id='word_1_443' title='bbox 1582 1559 1646 1591; x_wconf 89' lang='lat' dir='ltr'>che</span> <span class='ocrx_word' id='word_1_444' title='bbox 1678 1559 1698 1589; x_wconf 87' lang='lat' dir='ltr'>&#39;l</span> <span class='ocrx_word' id='word_1_445' title='bbox 1734 1569 1777 1601; x_wconf 88' lang='lat' dir='ltr'>ge</span> <span class='ocrx_word' id='word_1_446' title='bbox 1809 1559 1956 1600; x_wconf 86' lang='lat' dir='ltr'>piasesse</span> <span class='ocrx_word' id='word_1_447' title='bbox 1989 1560 2031 1591; x_wconf 91' lang='lat' dir='ltr'>de</span> <span class='ocrx_word' id='word_1_448' title='bbox 2064 1559 2160 1590; x_wconf 88' lang='lat' dir='ltr'>voler</span> <span class='ocrx_word' id='word_1_449' title='bbox 2191 1558 2253 1590; x_wconf 90' lang='lat' dir='ltr'>dar</span> 
     </span>
     <span class='ocr_line' id='line_1_83' title="bbox 1416 1611 2256 1654; baseline 0 -12"><span class='ocrx_word' id='word_1_450' title='bbox 1416 1623 1515 1654; x_wconf 88' lang='lat' dir='ltr'>passo</span> <span class='ocrx_word' id='word_1_451' title='bbox 1527 1611 1592 1643; x_wconf 88' lang='lat' dir='ltr'>alle</span> <span class='ocrx_word' id='word_1_452' title='bbox 1607 1622 1644 1643; x_wconf 90' lang='lat' dir='ltr'>so</span> <span class='ocrx_word' id='word_1_453' title='bbox 1657 1617 1760 1654; x_wconf 85' lang='lat' dir='ltr'>gente</span> <span class='ocrx_word' id='word_1_454' title='bbox 1774 1611 1817 1642; x_wconf 89' lang='lat' dir='ltr'>de</span> <span class='ocrx_word' id='word_1_455' title='bbox 1830 1621 1948 1652; x_wconf 83' lang='lat' dir='ltr'>posset</span> <span class='ocrx_word' id='word_1_456' title='bbox 1963 1612 2071 1643; x_wconf 85' lang='lat' dir='ltr'>andar</span> <span class='ocrx_word' id='word_1_457' title='bbox 2087 1622 2107 1642; x_wconf 91' lang='lat' dir='ltr'>a</span> <span class='ocrx_word' id='word_1_458' title='bbox 2123 1611 2256 1643; x_wconf 88' lang='lat' dir='ltr'>Trento</span> 
     </span>
    </p>
   </div>
   <div class='ocr_carea' id='block_1_18' title="bbox 1416 1655 2276 1707">
    <p class='ocr_par' dir='ltr' id='par_1_18' title="bbox 1416 1655 2276 1707">
     <span class='ocr_line' id='line_1_84' title="bbox 1416 1655 2276 1707; baseline -0.001 -11"><span class='ocrx_word' id='word_1_459' title='bbox 1416 1676 1478 1707; x_wconf 91' lang='lat' dir='ltr'>per</span> <span class='ocrx_word' id='word_1_460' title='bbox 1501 1665 1536 1696; x_wconf 92' lang='lat' dir='ltr'>lo</span> <span class='ocrx_word' id='word_1_461' title='bbox 1560 1675 1597 1696; x_wconf 91' lang='lat' dir='ltr'>so</span> <span class='ocrx_word' id='word_1_462' title='bbox 1622 1671 1747 1701; x_wconf 88' lang='lat' dir='ltr'>terren,</span> <span class='ocrx_word' id='word_1_463' title='bbox 1781 1671 1815 1695; x_wconf 85' lang='lat' dir='ltr'>et</span> <span class='ocrx_word' id='word_1_464' title='bbox 1845 1665 1909 1695; x_wconf 83' lang='lat' dir='ltr'>che</span> <span class='ocrx_word' id='word_1_465' title='bbox 1941 1665 2094 1696; x_wconf 88' lang='lat' dir='ltr'>etiandio</span> <span class='ocrx_word' id='word_1_466' title='bbox 2127 1664 2193 1696; x_wconf 86' lang='lat' dir='ltr'>ello</span> <span class='ocrx_word' id='word_1_467' title='bbox 2224 1655 2276 1696; x_wconf 52' lang='lat' dir='ltr'>el&#39;</span> 
     </span>
    </p>
   </div>
   <div class='ocr_carea' id='block_1_19' title="bbox 1416 1716 2266 3035">
    <p class='ocr_par' dir='ltr' id='par_1_19' title="bbox 1416 1716 2266 3035">
     <span class='ocr_line' id='line_1_85' title="bbox 1417 1716 2258 1759; baseline -0.001 -9"><span class='ocrx_word' id='word_1_468' title='bbox 1417 1718 1550 1750; x_wconf 84' lang='lat' dir='ltr'>volesse</span> <span class='ocrx_word' id='word_1_469' title='bbox 1574 1717 1736 1749; x_wconf 81' lang='lat' dir='ltr'>subvenit</span> <span class='ocrx_word' id='word_1_470' title='bbox 1760 1716 1804 1748; x_wconf 93' lang='lat' dir='ltr'>de</span> <span class='ocrx_word' id='word_1_471' title='bbox 1829 1723 1932 1759; x_wconf 86' lang='lat' dir='ltr'>gente</span> <span class='ocrx_word' id='word_1_472' title='bbox 1950 1723 1984 1749; x_wconf 89' lang='lat' dir='ltr'>et</span> <span class='ocrx_word' id='word_1_473' title='bbox 2000 1728 2138 1759; x_wconf 85' lang='lat' dir='ltr'>apresso</span> <span class='ocrx_word' id='word_1_474' title='bbox 2151 1716 2258 1749; x_wconf 87' lang='lat' dir='ltr'>vedar</span> 
     </span>
     <span class='ocr_line' id='line_1_86' title="bbox 1416 1769 2256 1812; baseline 0 -10"><span class='ocrx_word' id='word_1_475' title='bbox 1416 1772 1428 1802; x_wconf 89' lang='lat' dir='ltr'>i</span> <span class='ocrx_word' id='word_1_476' title='bbox 1451 1782 1488 1803; x_wconf 85' lang='lat' dir='ltr'>so</span> <span class='ocrx_word' id='word_1_477' title='bbox 1511 1771 1602 1812; x_wconf 87' lang='lat' dir='ltr'>passi</span> <span class='ocrx_word' id='word_1_478' title='bbox 1627 1770 1659 1801; x_wconf 90' lang='lat' dir='ltr'>al</span> <span class='ocrx_word' id='word_1_479' title='bbox 1684 1770 1777 1802; x_wconf 89' lang='lat' dir='ltr'>dicto</span> <span class='ocrx_word' id='word_1_480' title='bbox 1801 1769 1897 1807; x_wconf 79' lang='lat' dir='ltr'>duse,</span> <span class='ocrx_word' id='word_1_481' title='bbox 1921 1780 1957 1802; x_wconf 88' lang='lat' dir='ltr'>se</span> <span class='ocrx_word' id='word_1_482' title='bbox 1975 1771 2041 1803; x_wconf 83' lang='lat' dir='ltr'>ello</span> <span class='ocrx_word' id='word_1_483' title='bbox 2059 1771 2208 1812; x_wconf 79' lang='lat' dir='ltr'>viguisse</span> <span class='ocrx_word' id='word_1_484' title='bbox 2225 1771 2256 1802; x_wconf 85' lang='lat' dir='ltr'>ai</span> 
     </span>
     <span class='ocr_line' id='line_1_87' title="bbox 1417 1824 2259 1866; baseline 0 -10"><span class='ocrx_word' id='word_1_485' title='bbox 1417 1835 1454 1856; x_wconf 93' lang='lat' dir='ltr'>so</span> <span class='ocrx_word' id='word_1_486' title='bbox 1478 1824 1605 1856; x_wconf 89' lang='lat' dir='ltr'>damni.</span> <span class='ocrx_word' id='word_1_487' title='bbox 1645 1824 1689 1855; x_wconf 89' lang='lat' dir='ltr'>Et</span> <span class='ocrx_word' id='word_1_488' title='bbox 1705 1830 1827 1866; x_wconf 88' lang='lat' dir='ltr'>questo</span> <span class='ocrx_word' id='word_1_489' title='bbox 1852 1824 1861 1853; x_wconf 87' lang='lat' dir='ltr'>i</span> <span class='ocrx_word' id='word_1_490' title='bbox 1880 1824 2010 1865; x_wconf 80' lang='lat' dir='ltr'>scripse</span> <span class='ocrx_word' id='word_1_491' title='bbox 2029 1824 2060 1855; x_wconf 87' lang='lat' dir='ltr'>el</span> <span class='ocrx_word' id='word_1_492' title='bbox 2078 1825 2172 1856; x_wconf 90' lang='lat' dir='ltr'>dicto</span> <span class='ocrx_word' id='word_1_493' title='bbox 2189 1835 2259 1856; x_wconf 86' lang='lat' dir='ltr'>ma-</span> 
     </span>
     <span class='ocr_line' id='line_1_88' title="bbox 1418 1875 2259 1920; baseline 0.001 -12"><span class='ocrx_word' id='word_1_494' title='bbox 1418 1878 1552 1920; x_wconf 74' lang='lat' dir='ltr'>gnifico</span> <span class='ocrx_word' id='word_1_495' title='bbox 1564 1877 1680 1919; x_wconf 81' lang='lat' dir='ltr'>signor</span> <span class='ocrx_word' id='word_1_496' title='bbox 1696 1877 1818 1908; x_wconf 83' lang='lat' dir='ltr'>mesier</span> <span class='ocrx_word' id='word_1_497' title='bbox 1835 1875 2031 1909; x_wconf 83' lang='lat' dir='ltr'>Francesco</span> <span class='ocrx_word' id='word_1_498' title='bbox 2045 1878 2089 1909; x_wconf 87' lang='lat' dir='ltr'>da</span> <span class='ocrx_word' id='word_1_499' title='bbox 2101 1878 2259 1915; x_wconf 79' lang='lat' dir='ltr'>Carrara,</span> 
     </span>
     <span class='ocr_line' id='line_1_89' title="bbox 1418 1929 2259 1973; baseline 0 -11"><span class='ocrx_word' id='word_1_500' title='bbox 1418 1929 1603 1972; x_wconf 89' lang='lat' dir='ltr'>pendando</span> <span class='ocrx_word' id='word_1_501' title='bbox 1628 1930 1659 1961; x_wconf 89' lang='lat' dir='ltr'>el</span> <span class='ocrx_word' id='word_1_502' title='bbox 1683 1929 1791 1961; x_wconf 71' lang='lat' dir='ltr'>tracta</span> <span class='ocrx_word' id='word_1_503' title='bbox 1815 1931 1857 1961; x_wconf 91' lang='lat' dir='ltr'>de</span> <span class='ocrx_word' id='word_1_504' title='bbox 1882 1931 2068 1973; x_wconf 75' lang='lat' dir='ltr'>prolongat</span> <span class='ocrx_word' id='word_1_505' title='bbox 2092 1930 2122 1962; x_wconf 85' lang='lat' dir='ltr'>la</span> <span class='ocrx_word' id='word_1_506' title='bbox 2140 1938 2259 1973; x_wconf 90' lang='lat' dir='ltr'>treuga</span> 
     </span>
     <span class='ocr_line' id='line_1_90' title="bbox 1418 1982 2261 2025; baseline 0.002 -12"><span class='ocrx_word' id='word_1_507' title='bbox 1418 1989 1471 2014; x_wconf 85' lang='lat' dir='ltr'>tra</span> <span class='ocrx_word' id='word_1_508' title='bbox 1496 1983 1591 2025; x_wconf 87' lang='lat' dir='ltr'>quilli</span> <span class='ocrx_word' id='word_1_509' title='bbox 1609 1982 1666 2014; x_wconf 87' lang='lat' dir='ltr'>del</span> <span class='ocrx_word' id='word_1_510' title='bbox 1691 1983 1795 2022; x_wconf 85' lang='lat' dir='ltr'>Tiral‚</span> <span class='ocrx_word' id='word_1_511' title='bbox 1819 1983 1948 2015; x_wconf 87' lang='lat' dir='ltr'>subditi</span> <span class='ocrx_word' id='word_1_512' title='bbox 1972 1984 2027 2015; x_wconf 88' lang='lat' dir='ltr'>del</span> <span class='ocrx_word' id='word_1_513' title='bbox 2052 1983 2147 2016; x_wconf 90' lang='lat' dir='ltr'>dicto</span> <span class='ocrx_word' id='word_1_514' title='bbox 2165 1984 2261 2022; x_wconf 87' lang='lat' dir='ltr'>duse,</span> 
     </span>
     <span class='ocr_line' id='line_1_91' title="bbox 1420 2035 2260 2079; baseline 0.004 -12"><span class='ocrx_word' id='word_1_515' title='bbox 1420 2043 1455 2068; x_wconf 80' lang='lat' dir='ltr'>et</span> <span class='ocrx_word' id='word_1_516' title='bbox 1479 2036 1581 2079; x_wconf 89' lang='lat' dir='ltr'>quelli</span> <span class='ocrx_word' id='word_1_517' title='bbox 1606 2036 1648 2067; x_wconf 94' lang='lat' dir='ltr'>de</span> <span class='ocrx_word' id='word_1_518' title='bbox 1674 2035 1917 2078; x_wconf 78' lang='lat' dir='ltr'>Vallasugana,</span> <span class='ocrx_word' id='word_1_519' title='bbox 1941 2037 2068 2069; x_wconf 86' lang='lat' dir='ltr'>subditi</span> <span class='ocrx_word' id='word_1_520' title='bbox 2087 2038 2142 2069; x_wconf 92' lang='lat' dir='ltr'>del</span> <span class='ocrx_word' id='word_1_521' title='bbox 2167 2038 2260 2070; x_wconf 85' lang='lat' dir='ltr'>dicto</span> 
     </span>
     <span class='ocr_line' id='line_1_92' title="bbox 1419 2089 2261 2132; baseline 0.002 -11"><span class='ocrx_word' id='word_1_522' title='bbox 1419 2089 1608 2132; x_wconf 76' lang='lat' dir='ltr'>magnifico</span> <span class='ocrx_word' id='word_1_523' title='bbox 1633 2089 1761 2130; x_wconf 69' lang='lat' dir='ltr'>sigum,</span> <span class='ocrx_word' id='word_1_524' title='bbox 1785 2091 1918 2132; x_wconf 71' lang='lat' dir='ltr'>acoche</span> <span class='ocrx_word' id='word_1_525' title='bbox 1939 2091 2005 2122; x_wconf 85' lang='lat' dir='ltr'>ello</span> <span class='ocrx_word' id='word_1_526' title='bbox 2032 2101 2184 2132; x_wconf 83' lang='lat' dir='ltr'>possesse</span> <span class='ocrx_word' id='word_1_527' title='bbox 2208 2101 2261 2123; x_wconf 88' lang='lat' dir='ltr'>so-</span> 
     </span>
     <span class='ocr_line' id='line_1_93' title="bbox 1420 2142 2259 2185; baseline 0.001 -10"><span class='ocrx_word' id='word_1_528' title='bbox 1420 2143 1529 2175; x_wconf 77' lang='lat' dir='ltr'>disfar</span> <span class='ocrx_word' id='word_1_529' title='bbox 1567 2142 1632 2174; x_wconf 88' lang='lat' dir='ltr'>alle</span> <span class='ocrx_word' id='word_1_530' title='bbox 1664 2143 1847 2185; x_wconf 82' lang='lat' dir='ltr'>preghiere</span> <span class='ocrx_word' id='word_1_531' title='bbox 1888 2144 1930 2174; x_wconf 89' lang='lat' dir='ltr'>de</span> <span class='ocrx_word' id='word_1_532' title='bbox 1965 2144 2107 2176; x_wconf 87' lang='lat' dir='ltr'>l’inclito</span> <span class='ocrx_word' id='word_1_533' title='bbox 2146 2155 2183 2176; x_wconf 88' lang='lat' dir='ltr'>re</span> <span class='ocrx_word' id='word_1_534' title='bbox 2215 2145 2259 2176; x_wconf 91' lang='lat' dir='ltr'>de</span> 
     </span>
     <span class='ocr_line' id='line_1_94' title="bbox 1421 2195 2260 2240; baseline 0.002 -13"><span class='ocrx_word' id='word_1_535' title='bbox 1421 2196 1608 2238; x_wconf 85' lang='lat' dir='ltr'>Hongaria,</span> <span class='ocrx_word' id='word_1_536' title='bbox 1633 2196 1666 2226; x_wconf 92' lang='lat' dir='ltr'>el</span> <span class='ocrx_word' id='word_1_537' title='bbox 1690 2195 1767 2236; x_wconf 91' lang='lat' dir='ltr'>qual</span> <span class='ocrx_word' id='word_1_538' title='bbox 1791 2206 1852 2237; x_wconf 89' lang='lat' dir='ltr'>per</span> <span class='ocrx_word' id='word_1_539' title='bbox 1877 2197 1909 2228; x_wconf 97' lang='lat' dir='ltr'>lo</span> <span class='ocrx_word' id='word_1_540' title='bbox 1934 2197 2073 2240; x_wconf 86' lang='lat' dir='ltr'>egregio</span> <span class='ocrx_word' id='word_1_541' title='bbox 2090 2198 2260 2229; x_wconf 86' lang='lat' dir='ltr'>cavaliero</span> 
     </span>
     <span class='ocr_line' id='line_1_95' title="bbox 1422 2249 2262 2292; baseline 0.002 -12"><span class='ocrx_word' id='word_1_542' title='bbox 1422 2250 1546 2281; x_wconf 74' lang='lat' dir='ltr'>inesier</span> <span class='ocrx_word' id='word_1_543' title='bbox 1569 2249 1695 2292; x_wconf 85' lang='lat' dir='ltr'>Ferigo</span> <span class='ocrx_word' id='word_1_544' title='bbox 1719 2249 1762 2281; x_wconf 94' lang='lat' dir='ltr'>de</span> <span class='ocrx_word' id='word_1_545' title='bbox 1791 2250 1965 2282; x_wconf 83' lang='lat' dir='ltr'>Mathalor</span> <span class='ocrx_word' id='word_1_546' title='bbox 1989 2251 2021 2282; x_wconf 92' lang='lat' dir='ltr'>lo</span> <span class='ocrx_word' id='word_1_547' title='bbox 2046 2251 2156 2283; x_wconf 84' lang='lat' dir='ltr'>havea</span> <span class='ocrx_word' id='word_1_548' title='bbox 2181 2261 2262 2282; x_wconf 91' lang='lat' dir='ltr'>con-</span> 
     </span>
     <span class='ocr_line' id='line_1_96' title="bbox 1422 2302 2261 2345; baseline 0 -11"><span class='ocrx_word' id='word_1_549' title='bbox 1422 2303 1512 2335; x_wconf 73' lang='lat' dir='ltr'>forta</span> <span class='ocrx_word' id='word_1_550' title='bbox 1527 2313 1546 2335; x_wconf 93' lang='lat' dir='ltr'>e</span> <span class='ocrx_word' id='word_1_551' title='bbox 1564 2303 1585 2333; x_wconf 94' lang='lat' dir='ltr'>’l</span> <span class='ocrx_word' id='word_1_552' title='bbox 1602 2303 1803 2335; x_wconf 77' lang='lat' dir='ltr'>confortava</span> <span class='ocrx_word' id='word_1_553' title='bbox 1820 2302 1887 2334; x_wconf 86' lang='lat' dir='ltr'>alla</span> <span class='ocrx_word' id='word_1_554' title='bbox 1904 2303 2154 2345; x_wconf 86' lang='lat' dir='ltr'>prolongacion</span> <span class='ocrx_word' id='word_1_555' title='bbox 2169 2303 2261 2335; x_wconf 81' lang='lat' dir='ltr'>della</span> 
     </span>
     <span class='ocr_line' id='line_1_97' title="bbox 1423 2355 2260 2398; baseline 0 -11"><span class='ocrx_word' id='word_1_556' title='bbox 1423 2356 1517 2388; x_wconf 87' lang='lat' dir='ltr'>dicta</span> <span class='ocrx_word' id='word_1_557' title='bbox 1556 2362 1685 2398; x_wconf 84' lang='lat' dir='ltr'>treuga.</span> <span class='ocrx_word' id='word_1_558' title='bbox 1738 2355 1963 2398; x_wconf 86' lang='lat' dir='ltr'>Cansignore,</span> <span class='ocrx_word' id='word_1_559' title='bbox 2003 2367 2048 2388; x_wconf 92' lang='lat' dir='ltr'>no</span> <span class='ocrx_word' id='word_1_560' title='bbox 2087 2356 2260 2397; x_wconf 80' lang='lat' dir='ltr'>possando</span> 
     </span>
     <span class='ocr_line' id='line_1_98' title="bbox 1424 2410 2262 2452; baseline 0.001 -11"><span class='ocrx_word' id='word_1_561' title='bbox 1424 2411 1538 2442; x_wconf 86' lang='lat' dir='ltr'>covrir</span> <span class='ocrx_word' id='word_1_562' title='bbox 1561 2410 1593 2441; x_wconf 89' lang='lat' dir='ltr'>el</span> <span class='ocrx_word' id='word_1_563' title='bbox 1611 2416 1780 2451; x_wconf 82' lang='lat' dir='ltr'>concepto</span> <span class='ocrx_word' id='word_1_564' title='bbox 1799 2410 1854 2442; x_wconf 88' lang='lat' dir='ltr'>del</span> <span class='ocrx_word' id='word_1_565' title='bbox 1872 2421 1908 2441; x_wconf 90' lang='lat' dir='ltr'>so</span> <span class='ocrx_word' id='word_1_566' title='bbox 1927 2411 2050 2447; x_wconf 86' lang='lat' dir='ltr'>animo,</span> <span class='ocrx_word' id='word_1_567' title='bbox 2071 2421 2214 2452; x_wconf 87' lang='lat' dir='ltr'>respose</span> <span class='ocrx_word' id='word_1_568' title='bbox 2229 2410 2262 2441; x_wconf 86' lang='lat' dir='ltr'>al</span> 
     </span>
     <span class='ocr_line' id='line_1_99' title="bbox 1423 2463 2264 2505; baseline 0 -11"><span class='ocrx_word' id='word_1_569' title='bbox 1423 2473 1533 2494; x_wconf 90' lang='lat' dir='ltr'>messo</span> <span class='ocrx_word' id='word_1_570' title='bbox 1559 2463 1615 2494; x_wconf 90' lang='lat' dir='ltr'>del</span> <span class='ocrx_word' id='word_1_571' title='bbox 1633 2463 1728 2494; x_wconf 83' lang='lat' dir='ltr'>dicto</span> <span class='ocrx_word' id='word_1_572' title='bbox 1744 2463 1861 2505; x_wconf 86' lang='lat' dir='ltr'>signor</span> <span class='ocrx_word' id='word_1_573' title='bbox 1877 2464 2000 2495; x_wconf 87' lang='lat' dir='ltr'>mesier</span> <span class='ocrx_word' id='word_1_574' title='bbox 2018 2464 2212 2495; x_wconf 85' lang='lat' dir='ltr'>Francesco</span> <span class='ocrx_word' id='word_1_575' title='bbox 2227 2463 2264 2494; x_wconf 89' lang='lat' dir='ltr'>in</span> 
     </span>
     <span class='ocr_line' id='line_1_100' title="bbox 1424 2516 2265 2558; baseline 0 -11"><span class='ocrx_word' id='word_1_576' title='bbox 1424 2523 1545 2558; x_wconf 79' lang='lat' dir='ltr'>questa</span> <span class='ocrx_word' id='word_1_577' title='bbox 1570 2517 1690 2553; x_wconf 85' lang='lat' dir='ltr'>forma,</span> <span class='ocrx_word' id='word_1_578' title='bbox 1713 2527 1757 2547; x_wconf 92' lang='lat' dir='ltr'>no</span> <span class='ocrx_word' id='word_1_579' title='bbox 1782 2516 1927 2557; x_wconf 57' lang='lat' dir='ltr'>possersi</span> <span class='ocrx_word' id='word_1_580' title='bbox 1952 2527 2063 2548; x_wconf 81' lang='lat' dir='ltr'>serrat</span> <span class='ocrx_word' id='word_1_581' title='bbox 2086 2516 2095 2546; x_wconf 94' lang='lat' dir='ltr'>i</span> <span class='ocrx_word' id='word_1_582' title='bbox 2119 2526 2157 2548; x_wconf 90' lang='lat' dir='ltr'>so</span> <span class='ocrx_word' id='word_1_583' title='bbox 2173 2516 2265 2558; x_wconf 80' lang='lat' dir='ltr'>passi</span> 
     </span>
     <span class='ocr_line' id='line_1_101' title="bbox 1424 2569 2263 2610; baseline 0.001 -10"><span class='ocrx_word' id='word_1_584' title='bbox 1424 2580 1443 2600; x_wconf 89' lang='lat' dir='ltr'>a</span> <span class='ocrx_word' id='word_1_585' title='bbox 1467 2575 1562 2600; x_wconf 86' lang='lat' dir='ltr'>tanto</span> <span class='ocrx_word' id='word_1_586' title='bbox 1587 2569 1757 2610; x_wconf 84' lang='lat' dir='ltr'>principo,</span> <span class='ocrx_word' id='word_1_587' title='bbox 1783 2579 1880 2601; x_wconf 92' lang='lat' dir='ltr'>como</span> <span class='ocrx_word' id='word_1_588' title='bbox 1905 2571 1923 2600; x_wconf 80' lang='grc' dir='ltr'>ὲ</span> <span class='ocrx_word' id='word_1_589' title='bbox 1948 2570 1979 2601; x_wconf 88' lang='lat' dir='ltr'>el</span> <span class='ocrx_word' id='word_1_590' title='bbox 1997 2571 2080 2601; x_wconf 87' lang='lat' dir='ltr'>duse</span> <span class='ocrx_word' id='word_1_591' title='bbox 2096 2569 2263 2607; x_wconf 79' lang='lat' dir='ltr'>Rodolfo,</span> 
     </span>
     <span class='ocr_line' id='line_1_102' title="bbox 1425 2622 2265 2665; baseline 0.001 -13"><span class='ocrx_word' id='word_1_592' title='bbox 1425 2623 1490 2653; x_wconf 87' lang='lat' dir='ltr'>che</span> <span class='ocrx_word' id='word_1_593' title='bbox 1515 2622 1582 2653; x_wconf 90' lang='lat' dir='ltr'>ello</span> <span class='ocrx_word' id='word_1_594' title='bbox 1607 2632 1650 2653; x_wconf 87' lang='lat' dir='ltr'>no</span> <span class='ocrx_word' id='word_1_595' title='bbox 1676 2623 1765 2653; x_wconf 87' lang='lat' dir='ltr'>vada</span> <span class='ocrx_word' id='word_1_596' title='bbox 1789 2634 1806 2653; x_wconf 91' lang='lat' dir='ltr'>e</span> <span class='ocrx_word' id='word_1_597' title='bbox 1832 2633 1942 2665; x_wconf 79' lang='lat' dir='ltr'>vegna</span> <span class='ocrx_word' id='word_1_598' title='bbox 1968 2633 2028 2664; x_wconf 86' lang='lat' dir='ltr'>per</span> <span class='ocrx_word' id='word_1_599' title='bbox 2059 2633 2096 2654; x_wconf 85' lang='lat' dir='ltr'>so</span> <span class='ocrx_word' id='word_1_600' title='bbox 2121 2622 2265 2664; x_wconf 87' lang='lat' dir='ltr'>apiaser‚</span> 
     </span>
     <span class='ocr_line' id='line_1_103' title="bbox 1425 2674 2264 2716; baseline -0.001 -10"><span class='ocrx_word' id='word_1_601' title='bbox 1425 2674 1553 2716; x_wconf 80' lang='lat' dir='ltr'>perche</span> <span class='ocrx_word' id='word_1_602' title='bbox 1578 2676 1621 2706; x_wconf 91' lang='lat' dir='ltr'>de</span> <span class='ocrx_word' id='word_1_603' title='bbox 1639 2682 1790 2707; x_wconf 89' lang='lat' dir='ltr'>costume</span> <span class='ocrx_word' id='word_1_604' title='bbox 1806 2677 1847 2707; x_wconf 85' lang='lat' dir='ltr'>de</span> <span class='ocrx_word' id='word_1_605' title='bbox 1865 2686 1944 2707; x_wconf 85' lang='lat' dir='ltr'>casa</span> <span class='ocrx_word' id='word_1_606' title='bbox 1959 2686 2018 2708; x_wconf 91' lang='lat' dir='ltr'>soa</span> <span class='ocrx_word' id='word_1_607' title='bbox 2036 2685 2078 2707; x_wconf 90' lang='lat' dir='ltr'>no</span> <span class='ocrx_word' id='word_1_608' title='bbox 2097 2685 2154 2706; x_wconf 86' lang='lat' dir='ltr'>era</span> <span class='ocrx_word' id='word_1_609' title='bbox 2171 2674 2264 2715; x_wconf 87' lang='lat' dir='ltr'>ma[i]</span> 
     </span>
     <span class='ocr_line' id='line_1_104' title="bbox 1424 2728 2265 2770; baseline 0.002 -12"><span class='ocrx_word' id='word_1_610' title='bbox 1424 2734 1476 2758; x_wconf 90' lang='lat' dir='ltr'>sta</span> <span class='ocrx_word' id='word_1_611' title='bbox 1500 2728 1592 2759; x_wconf 77' lang='lat' dir='ltr'>facto</span> <span class='ocrx_word' id='word_1_612' title='bbox 1622 2728 1712 2759; x_wconf 87' lang='lat' dir='ltr'>cotal</span> <span class='ocrx_word' id='word_1_613' title='bbox 1736 2739 1826 2766; x_wconf 85' lang='lat' dir='ltr'>cosa,</span> <span class='ocrx_word' id='word_1_614' title='bbox 1851 2728 1892 2759; x_wconf 77' lang='lat' dir='ltr'>ne</span> <span class='ocrx_word' id='word_1_615' title='bbox 1910 2739 1972 2770; x_wconf 91' lang='lat' dir='ltr'>per</span> <span class='ocrx_word' id='word_1_616' title='bbox 1996 2729 2027 2760; x_wconf 90' lang='lat' dir='ltr'>le</span> <span class='ocrx_word' id='word_1_617' title='bbox 2052 2729 2175 2765; x_wconf 69' lang='lat' dir='ltr'>novit‘a,</span> <span class='ocrx_word' id='word_1_618' title='bbox 2201 2729 2265 2760; x_wconf 89' lang='lat' dir='ltr'>che</span> 
     </span>
     <span class='ocr_line' id='line_1_105' title="bbox 1425 2781 2266 2823; baseline 0.002 -12"><span class='ocrx_word' id='word_1_619' title='bbox 1425 2781 1493 2812; x_wconf 90' lang='lat' dir='ltr'>ello</span> <span class='ocrx_word' id='word_1_620' title='bbox 1510 2786 1660 2821; x_wconf 75' lang='lat' dir='ltr'>aspecta,</span> <span class='ocrx_word' id='word_1_621' title='bbox 1678 2782 1818 2821; x_wconf 82' lang='lat' dir='ltr'>posserli</span> <span class='ocrx_word' id='word_1_622' title='bbox 1837 2782 1899 2812; x_wconf 89' lang='lat' dir='ltr'>dar</span> <span class='ocrx_word' id='word_1_623' title='bbox 1915 2782 2067 2813; x_wconf 85' lang='lat' dir='ltr'>subsidio</span> <span class='ocrx_word' id='word_1_624' title='bbox 2084 2792 2148 2823; x_wconf 91' lang='lat' dir='ltr'>pur</span> <span class='ocrx_word' id='word_1_625' title='bbox 2165 2781 2266 2813; x_wconf 86' lang='lat' dir='ltr'>d&#39;una</span> 
     </span>
     <span class='ocr_line' id='line_1_106' title="bbox 1427 2832 2266 2877; baseline 0.002 -13"><span class='ocrx_word' id='word_1_626' title='bbox 1427 2832 1609 2870; x_wconf 87' lang='lat' dir='ltr'>bandiera;</span> <span class='ocrx_word' id='word_1_627' title='bbox 1627 2840 1661 2865; x_wconf 88' lang='lat' dir='ltr'>et</span> <span class='ocrx_word' id='word_1_628' title='bbox 1676 2834 1829 2865; x_wconf 86' lang='lat' dir='ltr'>anchora</span> <span class='ocrx_word' id='word_1_629' title='bbox 1853 2845 1895 2866; x_wconf 92' lang='grc'>110</span> <span class='ocrx_word' id='word_1_630' title='bbox 1919 2845 1962 2877; x_wconf 86' lang='lat' dir='ltr'>ge</span> <span class='ocrx_word' id='word_1_631' title='bbox 1987 2845 2104 2866; x_wconf 86' lang='lat' dir='ltr'>serave</span> <span class='ocrx_word' id='word_1_632' title='bbox 2122 2836 2266 2866; x_wconf 84' lang='lat' dir='ltr'>honesto</span> 
     </span>
     <span class='ocr_line' id='line_1_107' title="bbox 1427 2886 2264 2930; baseline 0 -12"><span class='ocrx_word' id='word_1_633' title='bbox 1427 2886 1488 2918; x_wconf 89' lang='lat' dir='ltr'>dar</span> <span class='ocrx_word' id='word_1_634' title='bbox 1511 2887 1555 2918; x_wconf 90' lang='lat' dir='ltr'>ad</span> <span class='ocrx_word' id='word_1_635' title='bbox 1579 2887 1681 2928; x_wconf 82' lang='lat' dir='ltr'>algun</span> <span class='ocrx_word' id='word_1_636' title='bbox 1699 2886 1849 2919; x_wconf 86' lang='lat' dir='ltr'>subsidio</span> <span class='ocrx_word' id='word_1_637' title='bbox 1866 2887 1970 2930; x_wconf 87' lang='lat' dir='ltr'>algun</span> <span class='ocrx_word' id='word_1_638' title='bbox 1986 2893 2105 2919; x_wconf 91' lang='lat' dir='ltr'>contra</span> <span class='ocrx_word' id='word_1_639' title='bbox 2122 2887 2154 2918; x_wconf 90' lang='lat' dir='ltr'>el</span> <span class='ocrx_word' id='word_1_640' title='bbox 2171 2887 2264 2918; x_wconf 93' lang='lat' dir='ltr'>dicto</span> 
     </span>
     <span class='ocr_line' id='line_1_108' title="bbox 1426 2939 2260 2982; baseline 0.001 -12"><span class='ocrx_word' id='word_1_641' title='bbox 1426 2939 1520 2976; x_wconf 88' lang='lat' dir='ltr'>duse,</span> <span class='ocrx_word' id='word_1_642' title='bbox 1544 2939 1575 2970; x_wconf 91' lang='lat' dir='ltr'>el</span> <span class='ocrx_word' id='word_1_643' title='bbox 1599 2940 1676 2982; x_wconf 89' lang='lat' dir='ltr'>qual</span> <span class='ocrx_word' id='word_1_644' title='bbox 1695 2939 1852 2971; x_wconf 88' lang='lat' dir='ltr'>andando</span> <span class='ocrx_word' id='word_1_645' title='bbox 1878 2940 1911 2970; x_wconf 88' lang='grc'>111</span> <span class='ocrx_word' id='word_1_646' title='bbox 1935 2940 2144 2972; x_wconf 88' lang='lat' dir='ltr'>Lombardia</span> <span class='ocrx_word' id='word_1_647' title='bbox 2160 2940 2260 2981; x_wconf 69' lang='lat' dir='ltr'>passo</span> 
     </span>
     <span class='ocr_line' id='line_1_109' title="bbox 1425 2992 2257 3035; baseline 0 -12"><span class='ocrx_word' id='word_1_648' title='bbox 1425 3002 1487 3033; x_wconf 89' lang='lat' dir='ltr'>per</span> <span class='ocrx_word' id='word_1_649' title='bbox 1498 2992 1593 3024; x_wconf 90' lang='lat' dir='ltr'>Bona</span> <span class='ocrx_word' id='word_1_650' title='bbox 1611 2993 1680 3032; x_wconf 81' lang='lat' dir='ltr'>(sic)</span> <span class='ocrx_word' id='word_1_651' title='bbox 1698 2999 1733 3024; x_wconf 86' lang='lat' dir='ltr'>et</span> <span class='ocrx_word' id='word_1_652' title='bbox 1749 3003 1809 3035; x_wconf 85' lang='lat' dir='ltr'>per</span> <span class='ocrx_word' id='word_1_653' title='bbox 1828 2993 1966 3024; x_wconf 87' lang='lat' dir='ltr'>Verona</span> <span class='ocrx_word' id='word_1_654' title='bbox 1987 2993 2041 3025; x_wconf 88' lang='lat' dir='ltr'>de’</span> <span class='ocrx_word' id='word_1_655' title='bbox 2058 2993 2257 3035; x_wconf 85' lang='lat' dir='ltr'>repatriare.</span> 
     </span>
    </p>
   </div>
   <div class='ocr_carea' id='block_1_20' title="bbox 2393 1718 2411 1810">
    <p class='ocr_par' dir='ltr' id='par_1_20' title="bbox 2393 1718 2411 1810">
     <span class='ocr_line' id='line_1_110' title="bbox 2393 1718 2411 1810; baseline 0 -7"><span class='ocrx_word' id='word_1_656' title='bbox 2393 1718 2411 1810; x_wconf 59' lang='lat'>3</span> 
     </span>
    </p>
   </div>
   <div class='ocr_carea' id='block_1_21' title="bbox 2381 1857 2420 2136">
    <p class='ocr_par' dir='ltr' id='par_1_21' title="bbox 2381 1857 2420 2136">
     <span class='ocr_line' id='line_1_111' title="bbox 2381 1857 2420 2136; baseline 0 1548"><span class='ocrx_word' id='word_1_657' title='bbox 2381 1857 2420 2136; x_wconf 95' lang='lat' dir='ltr'> </span> 
     </span>
    </p>
   </div>
  </div>
 </body>
</html>
