2422 3684
429 227 474 261 44
807 227 978 263 GESTA
1006 226 1308 263 MAGNIFICA
1336 227 1524 263 DOMUS
1551 228 1938 264 CARRARIENSIS

427 359 589 391 simulans
613 370 648 391 se
674 360 820 392 amicum
844 360 974 392 domini
1000 360 1116 402 legati,
1142 361 1201 401 qui
1224 360 1338 392 Brixie
1362 360 1579 402 diligebatur,
1603 371 1681 393 cum
1698 361 1804 404 signis
1822 361 1982 394 Ecclesie
1999 367 2032 393 et
2047 361 2199 393 Rolandi
2216 360 2260 392 de

427 413 560 445 Rubeis
583 412 733 444 Brixiam
756 413 919 450 introivit,
944 413 1040 445 cuius
1064 413 1252 444 dominium
1277 413 1408 445 domini
1432 413 1576 445 Mastini
1599 413 1743 446 dictioni
1768 415 1905 452 adiecit,
1928 414 1984 446 die
2009 424 2058 446 xv
2081 413 2174 445 iunii.

522 518 593 551 125.
616 519 716 560 [125].
742 539 782 542 —
808 520 890 552 Post
914 520 1082 561 predicta,
1106 529 1175 551 non
1199 519 1305 551 multo
1328 526 1405 561 post
1419 518 1440 558 ¹,
1463 520 1556 551 iuxta
1580 521 1692 552 menia
1722 521 1917 553 Urceorum
1948 525 2185 551 convenerunt
2215 520 2261 551 ad

427 573 634 614 colloquium
658 573 788 605 domini
813 574 890 606 dela
915 573 1029 611 Scala,
1053 573 1211 605 dominus
1235 573 1408 605 Marsilius
1433 574 1475 605 de
1500 573 1670 612 Carraria,
1695 573 1790 617 Acco
1813 574 2030 611 Vicecomes,
2047 573 2262 604 marchiones

429 633 582 658 estenses
606 633 639 658 et
665 627 823 658 dominus
847 627 1045 659 Lodovicus
1069 626 1112 658 de
1137 626 1314 669 Goncaga,
1338 627 1397 669 qui
1421 637 1538 658 omnes
1555 633 1673 658 contra
1689 637 1807 670 regem
1824 627 1968 659 Boemie
1986 627 2262 659 coniuraverunt.

519 734 588 764 120.
615 733 715 774 [1261]
740 751 782 756 —-
807 734 928 765 Statim
953 739 1040 774 post,
1065 733 1186 765 eodem
1211 733 1403 771 millesimo,
1427 734 1470 765 de
1494 744 1609 765 mense
1634 733 1849 775 septembris,
1873 734 2030 766 dominus
2047 733 2168 776 Acco*
2184 742 2262 764 cum

429 786 578 817 dominis
602 786 752 818 Mastino
777 786 855 818 dela
880 786 993 824 Scala,
1018 786 1171 818 Marsilio
1197 787 1240 818 de
1257 787 1417 818 Carraria
1433 793 1468 818 et
1487 786 1642 818 omnibus
1661 798 1718 818 sue
1736 787 1803 829 lige
1820 787 2025 829 Bergamum
2043 786 2188 818 obsedit.
2223 785 2264 816 In

428 849 495 881 quo
520 840 674 871 exercitu
706 840 860 871 dominus
885 839 1056 871 Marsilius
1087 840 1183 871 iussit
1214 840 1453 872 Theotonicos
1477 840 1600 871 multos
1632 840 1731 871 furca
1761 841 1924 881 suspendi
1948 846 2093 882 propter
2118 839 2260 881 predam

427 894 609 935 quandam,
633 904 733 935 quam
758 893 880 925 iniuste
905 893 1072 931 fecerant,
1098 903 1140 925 ex
1164 905 1231 936 quo
1255 893 1383 925 deinde
1407 893 1548 925 multum
1573 893 1639 925 fuit
1661 893 1887 925 Theotonicis
1911 904 2042 926 exosus-

519 998 589 1033 127.
622 999 721 1040 [127J.
758 1017 788 1021 —-
827 999 959 1031 Eodem
991 999 1182 1038 millesimo,
1207 1000 1364 1032 dominus
1395 999 1579 1036 Marsitius,
1602 1005 1718 1031 rector
1741 999 1774 1030 in
1799 999 1916 1030 Brixia
1928 999 1950 1036 ³,
1982 997 2077 1040 regis
2099 997 2263 1029 Iohannis

427 1052 548 1084 timens
571 1053 765 1084 adventum.
790 1063 886 1084 muro
911 1053 1059 1084 maximo
1084 1052 1233 1084 Brixiam
1259 1053 1386 1090 divisit,
1421 1053 1653 1084 Brixiencium
1681 1053 1771 1085 dirui
1794 1053 1878 1084 fecit
1902 1058 2013 1084 castra
2037 1061 2084 1083 Lx
2109 1056 2141 1082 et
2165 1051 2264 1088 ultra,

427 1106 602 1137 civitatem
628 1116 704 1137 cum
730 1113 842 1137 castro
866 1106 1030 1138 militibus
1055 1106 1202 1138 munivit
1225 1113 1257 1138 et
1282 1106 1384 1138 rebus
1409 1106 1535 1138 ceteris
1559 1106 1772 1138 necessariis.

520 1221 590 1251 128.
615 1220 717 1261 [128]
743 1239 783 1243 —
808 1222 941 1253 Eodem
966 1221 1157 1259 millesimo,
1182 1223 1225 1254 de
1257 1233 1372 1253 mense
1406 1222 1550 1265 augusti,
1582 1233 1642 1253 rex
1674 1221 1842 1253 Iohannes
1873 1221 1977 1252 filiurn
2011 1232 2106 1252 suum
2135 1220 2263 1252 reditu-

428 1285 501 1304 rum
525 1274 559 1304 in
584 1274 740 1314 partibus
764 1273 916 1311 Boemie,
941 1275 1076 1306 scilicet
1099 1275 1272 1307 dominum
1299 1276 1478 1311 Karolum,
1502 1281 1622 1317 postea
1654 1276 1898 1317 imperatorem
1910 1275 1932 1313 ⁴,
1964 1275 2138 1306 Veronam
2154 1270 2265 1311 misit,

428 1327 484 1368 qui
503 1338 522 1357 a
539 1327 689 1358 dominis
713 1327 869 1362 Alberto.
896 1329 1044 1360 Mastiuo
1063 1329 1142 1360 dcla
1160 1329 1262 1361 Scala
1279 1337 1313 1360 et
1333 1328 1490 1360 Marsilio
1508 1328 1551 1360 de
1568 1329 1727 1361 Carraria
1744 1328 1934 1360 honorifice
1951 1334 2112 1370 receptus
2133 1327 2264 1359 multis-

427 1390 493 1421 que
517 1381 665 1411 donatus
688 1381 891 1412 Tridentum
917 1382 1117 1423 equitavit⁵.
1164 1383 1225 1413 Set
1248 1389 1336 1423 post,
1360 1383 1417 1414 die
1444 1392 1551 1413 xva
1573 1383 1738 1420 octubris,
1763 1382 1833 1424 ipse
1858 1393 1918 1413 rex
1951 1382 2123 1413 Iohannes
2155 1380 2265 1412 Vero-

427 1444 504 1463 nam
530 1433 760 1473 personaliter
784 1434 951 1475 equitavit
961 1433 982 1472 θ,
998 1435 1052 1466 cui
1078 1446 1141 1476 por
1165 1434 1323 1466 dominos
1348 1435 1576 1473 Albertinum‚
1602 1435 1786 1467 Mastinum
1811 1441 1843 1467 et
1867 1434 2057 1466 Marsilium
2076 1433 2264 1476 presentati

428 1486 568 1517 fuerunt
593 1486 756 1517 dextrarii
782 1488 963 1528 pulcerimi
988 1494 1022 1519 et
1047 1488 1113 1518 alia
1139 1488 1352 1520 nobilissima
1376 1489 1476 1520 dona.
1524 1489 1600 1530 Ipse
1624 1499 1707 1519 vero
1731 1499 1791 1519 rex
1816 1488 1987 1520 Iohannes
2012 1489 2057 1518 ita
2089 1486 2268 1518 familiari-

428 1545 481 1570 ter
505 1540 615 1570 dictos
640 1540 798 1571 dominos
829 1542 1064 1581 pertractavit,
1100 1551 1141 1572 ac
1173 1541 1201 1572 si
1235 1553 1296 1582 per
1330 1541 1467 1573 eosdem
1500 1541 1622 1573 civitas
1654 1540 1771 1573 Brixie
1803 1551 1862 1572 sue
1887 1551 1957 1572 non
1990 1541 2080 1572 foret
2109 1546 2267 1581 surrepta

427 1593 567 1624 dicioni.
615 1593 654 1624 In
680 1594 774 1624 cuius
799 1603 937 1625 recessu
961 1594 1004 1625 de
1030 1594 1170 1626 Verona
1195 1595 1353 1626 dominus
1376 1595 1554 1626 Marsilius
1579 1595 1685 1636 ipsum
1711 1604 1817 1636 usque
1841 1594 1977 1626 Clusam
2002 1594 2157 1625 sociavit.

520 1706 592 1737 129.
617 1706 717 1747 [129]
742 1724 787 1728 -—
809 1707 989 1738 Existente
1014 1707 1155 1739 domino
1179 1707 1336 1740 Marsilio
1358 1708 1401 1740 de
1426 1708 1588 1740 Carraria
1611 1713 1746 1739 rectore
1770 1707 1806 1739 in
1821 1705 1950 1745 Brixia,
1967 1707 2046 1738 dum
2063 1717 2125 1747 pro
2143 1706 2266 1748 aliqui-

428 1759 491 1790 bus
514 1759 632 1790 arduis
655 1759 830 1791 Veronam
855 1761 1058 1792 accessisset
1080 1760 1196 1803 ibique
1213 1768 1302 1792 esset
1318 1762 1412 1802 apud
1430 1760 1588 1793 dominos
1604 1760 1784 1792 Albertum
1802 1766 1836 1791 et
1855 1759 2041 1790 Mastinum
2059 1759 2138 1790 dela
2155 1757 2268 1796 Scala,

430 1822 555 1843 novum
582 1811 723 1843 habuit⁷
748 1814 840 1854 quod
866 1813 1006 1844 domina
1031 1813 1274 1845 Bartholomea
1300 1815 1342 1845 dc
1367 1813 1580 1856 Scrovignis.
1607 1814 1681 1845 eius
1703 1824 1800 1851 uxor,
1823 1813 1917 1856 gravi
1950 1811 2069 1844 morbo
2099 1817 2270 1854 correpta,

431 1865 546 1896 lirixie
575 1865 687 1897 subito
713 1867 920 1898 decesserat.
968 1866 1074 1897 Cuius
1098 1867 1274 1908 sepulture
1298 1868 1391 1899 idem
1417 1868 1577 1899 dominus
1600 1866 1774 1899 Marsilius
1797 1866 1903 1897 voluit
1928 1866 2066 1907 penitus
2089 1866 2268 1896 interesse.

429 1919 473 1950 Et
505 1919 555 1950 sic
580 1918 747 1956 interfuit,
779 1920 933 1961 quamvis
960 1920 1066 1961 ipsius
1099 1921 1238 1951 domine
1273 1920 1511 1952 Bartholomee
1543 1930 1678 1961 corpus,
1707 1919 1812 1961 ipsius
1843 1919 1934 1950 iussu
1965 1924 2085 1960 postca
2115 1918 2266 1950 Paduam

431 1972 594 2009 delatum,
621 1972 752 2003 faceret
769 1973 861 2013 apud
887 1980 1041 2004 sanctum
1066 1974 1257 2004 Antonium
1274 1974 1305 2004 in
1324 1974 1480 2015 preciosa
1507 1973 1643 2014 capella
1660 1972 1834 2004 collocari.
1875 1971 1994 2003 Stante
2013 1977 2125 2003 autem
2143 1972 2271 2003 deinde

431 2025 572 2057 domino
598 2024 756 2056 Marsilio
781 2025 895 2057 Brixie
919 2026 967 2056 sic
991 2026 1064 2057 sine
1088 2036 1206 2063 uxore,
1231 2026 1315 2063 solo,
1340 2028 1420 2058 dum
1453 2026 1558 2057 semel
1591 2027 1624 2056 in
1661 2035 1721 2056 suo
1746 2025 1872 2056 talarno
1898 2025 2047 2061 sederet,
2071 2025 2122 2055 sic
2153 2035 2270 2056 secum

432 2079 495 2109 ait:
534 2078 679 2110 “Brixia
711 2078 813 2110 michi
837 2079 963 2116 subest,
989 2079 1133 2110 divicias
1164 2080 1328 2120 possideo
1360 2079 1521 2111 infinitas.
1567 2080 1638 2110 Iam
1663 2079 1828 2120 quicquid
1860 2078 2028 2119 precipio,
2051 2078 2087 2108 in
2111 2077 2270 2109 Marchia

438 2131 729 2172 “obtemperatum
747 2138 798 2163 set
822 2138 934 2163 tamen
959 2132 1051 2163 solus
1073 2143 1145 2163 sum
1171 2132 1342 2174 videoque
1366 2132 1470 2163 michi
1496 2143 1536 2163 ex
1561 2132 1694 2163 invidia
1717 2131 1907 2172 periculum
1932 2130 2088 2163 iminere.
2134 2131 2270 2162 Domini

438 2187 612 2227 “namque
638 2185 752 2216 Guido
777 2190 810 2216 et
835 2185 932 2227 Αςςο
957 2185 1000 2216 de
1026 2185 1183 2227 Corrigia
1207 2185 1368 2216 avunculi
1392 2191 1469 2216 sunt
1487 2185 1701 2216 dominorum
1726 2184 1803 2215 dela
1827 2184 1929 2215 Scala
1952 2190 1985 2215 et
2001 2195 2064 2225 per
2084 2194 2268 2226 germanos

437 2240 560 2269 “meos
584 2238 627 2268 de
652 2236 785 2269 Rubeis
809 2238 851 2269 de
875 2237 997 2269 Parma
1021 2243 1099 2269 sunt
1123 2237 1265 2279 expulsi.
1312 2238 1357 2269 I-Ii
1382 2238 1426 2269 de
1450 2248 1503 2269 me
1528 2237 1760 2279 suspicionem
1788 2236 1966 2274 habentes,
1998 2246 2040 2268 ne
2064 2237 2114 2268 eis
2143 2236 2268 2268 Parme

439 2291 656 2323 “dominium
689 2291 904 2332 impedirem,
936 2300 1013 2322 cum
1045 2291 1146 2322 dictis
1173 2290 1358 2332 nepotibus
1388 2291 1459 2322 suis
1489 2290 1568 2322 dela
1599 2290 1701 2322 Scala
1733 2299 1923 2331 procurare
1956 2295 2097 2330 possent
2127 2295 2270 2321 mortem

437 2347 584 2375 “meam.
632 2344 763 2375 Bonum
794 2344 898 2386 igitur
929 2350 989 2381 est,
1021 2344 1101 2374 dum
1132 2350 1267 2385 tempus
1298 2345 1409 2382 adest,
1439 2343 1604 2385 periculis
1634 2343 1688 2374 his
1718 2343 1916 2384 providere.
1963 2342 2143 2384 Accipiam
2175 2343 2268 2374 enim

440 2398 644 2428 “voluntate
668 2398 818 2438 ipsorum
844 2397 1060 2428 dominorum
1083 2397 1161 2428 dela
1186 2397 1288 2429 Scala
1313 2407 1453 2428 uxorem
1479 2396 1652 2428 dominam
1677 2394 1882 2431 Beatricem,
1906 2395 2009 2426 filiam
2035 2395 2162 2427 domini
2187 2395 2270 2428 Gui-

439 2453 452 2467 “
467 2450 567 2482 donis
590 2449 634 2481 de
659 2450 860 2493 Corrigia„.
907 2449 1047 2491 Sicque,
1072 2450 1165 2492 quod
1189 2460 1308 2481 secum
1333 2456 1554 2491 conceperat,
1580 2449 1677 2481 ducit
1701 2449 1745 2479 ad
1769 2449 1952 2479 effectum:
1982 2459 2024 2480 ex
2047 2459 2126 2491 quo,
2149 2449 2267 2491 papali

525 2597 578 2628 7—S.
599 2599 629 2621 in
650 2605 702 2628 qua
724 2598 887 2621 obsessione
908 2598 981 2621 idem
1001 2598 1133 2621 dominus
1153 2597 1175 2622 S
1192 2611 1224 2615 —
1243 2596 1267 2621 S.
1288 2596 1385 2628 iussit]
1408 2597 1475 2620 fecit
1495 2597 1517 2621 S
1534 2609 1545 2614 -
1564 2598 1681 2628 propter
1700 2595 1841 2627 quandam
1858 2597 2001 2628 ingentem
2017 2597 2130 2629 predam
2146 2597 2211 2621 S—
2228 2603 2268 2622 ιο,

435 2641 564 2671 regisque
584 2641 606 2663 S
625 2654 655 2657 —-
681 2647 718 2663 ιι.
741 2642 914 2670 permaximo
935 2640 958 2665 S
976 2653 1007 2657 —
1030 2647 1068 2663 12.
1089 2640 1280 2663 communivit
1301 2640 1435 2670 rebusque
1455 2641 1482 2662 et
1503 2639 1603 2662 ceteris
1623 2639 1794 2669 opportunis
1815 2638 1837 2663 S
1856 2652 1874 2655 ν
1911 2646 1951 2670 13.
1971 2640 2095 2663 reditum
2116 2640 2151 2662 M
2167 2652 2199 2656 —
2227 2646 2266 2671 14.

436 2683 515 2706 misit
534 2691 581 2705 om.
604 2683 638 2705 ill
655 2695 687 2699 —
711 2690 748 2712 15-
770 2682 908 2713 mcptus]
931 2684 1076 2714 susceptus
1099 2684 1118 2706 ὁ
1137 2695 1168 2699 -—
1195 2682 1232 2706 16.
1251 2683 1366 2714 ipsemet
1385 2681 1408 2706 S
1426 2695 1457 2698 —
1479 2688 1518 2711 19,
1540 2680 1626 2711 sors-t]
1648 2681 1747 2703 suisset
1767 2682 1789 2704 S
1806 2694 1838 2697 --
1860 2687 1903 2704 20.
1923 2682 1951 2704 in
1972 2681 2032 2704 eius
2047 2683 2139 2705 autem
2160 2688 2268 2706 recessu

433 2725 456 2749 S
474 2737 504 2741 —
526 2729 616 2754 25-27.
637 2726 765 2755 quamvis
787 2725 874 2756 ipsius
895 2732 999 2756 corpus
1018 2725 1132 2757 jubente
1151 2724 1269 2747 domino
1290 2724 1421 2747 Marsilio
1443 2723 1506 2755 ipso
1525 2724 1622 2754 postea
1640 2721 1763 2746 Paduam
1785 2723 1909 2746 delatum
1930 2724 2004 2755 apud
2027 2725 2153 2747 sanctum
2174 2722 2267 2748 Anto-

392 2772 404 2796 5
437 2768 514 2790 nium
536 2767 565 2789 in
586 2766 696 2797 capella
715 2767 850 2797 quiescat.
882 2768 927 2790 Sic
949 2767 1038 2798 igitur
1057 2767 1151 2790 stante
1171 2766 1290 2789 domino
1311 2766 1333 2789 S
1350 2778 1382 2782 —
1404 2771 1446 2796 27.
1465 2766 1505 2788 sic
1520 2773 1566 2788 om.
1583 2766 1606 2789 S
1619 2778 1645 2781 κ
1664 2763 1705 2788 28.
1720 2762 1772 2797 ait]
1787 2765 1946 2795 alloquitur
1966 2766 2030 2790 S—
2045 2771 2087 2797 35.
2101 2765 2235 2797 concepit
2249 2764 2272 2790 S

524 2872 531 2886 ¹
553 2872 689 2901 Con-scs„
711 2872 853 2901 Chronica,
875 2872 906 2901 V,
927 2879 949 2896 2.
1466 2869 1477 2885 ⁵
1495 2869 1633 2898 Comus,
1656 2871 1795 2898 chronica,
1819 2871 1852 2898 V,
1872 2878 1896 2901 4.

525 2912 535 2928 ‘³
556 2914 692 2942 CORTUS.,
714 2915 853 2943 Chronica,
878 2915 911 2942 V,
933 2921 956 2938 2.
1467 2910 1478 2927 ο
1498 2912 1636 2941 CORTUS„
1659 2913 1798 2942 Chronica,
1818 2911 1851 2940 V,
1870 2921 1896 2943 4.

524 2956 534 2971 ³
554 2956 690 2985 Coimus,
713 2957 851 2986 Chronica,
872 2957 903 2986 V,
924 2962 947 2981 2.
1467 2953 1478 2969 ⁷
1498 2953 1635 2983 Con-rus.¹
1659 2955 1798 2985 Chronica,
1824 2955 1856 2984 V,
1877 2961 1900 2984 7,

525 2997 534 3012 ⁴
555 2998 692 3029 Comus„
715 2998 854 3029 Chronica,
872 2998 903 3023 V.
924 3006 947 3029 4.

2291 997 2328 1028 10

2293 1326 2329 1358 15

2290 1593 2332 1624 20

2292 1917 2332 1949 25

2291 2185 2333 2216 30

2292 2448 2332 2480 35

2317 2877 2349 2896 10

2411 735 2413 743 “
2415 657 2422 723 u-ae—
2417 593 2422 623 ,Η
