<?xml version="1.0" encoding="UTF-8"?>
<!DOCTYPE html PUBLIC "-//W3C//DTD XHTML 1.0 Transitional//EN"
    "http://www.w3.org/TR/xhtml1/DTD/xhtml1-transitional.dtd">
<html xmlns="http://www.w3.org/1999/xhtml" xml:lang="en" lang="en">
 <head>
  <title>
</title>
<meta http-equiv="Content-Type" content="text/html;charset=utf-8" />
  <meta name='ocr-system' content='tesseract 3.04.00' />
  <meta name='ocr-capabilities' content='ocr_page ocr_carea ocr_par ocr_line ocrx_word'/>
</head>
<body>
  <div class='ocr_page' id='page_1' title='image "./p1f11rerumitalica17murauoft_0202.png"; bbox 0 0 2422 3684; ppageno 0'>
   <div class='ocr_carea' id='block_1_1' title="bbox 698 403 891 437">
    <p class='ocr_par' dir='ltr' id='par_1_1' title="bbox 698 403 891 437">
     <span class='ocr_line' id='line_1_1' title="bbox 698 403 891 437; baseline -0.01 0"><span class='ocrx_word' id='word_1_1' title='bbox 698 405 838 437; x_wconf 66' lang='lat' dir='ltr'>REnAz.</span> <span class='ocrx_word' id='word_1_2' title='bbox 861 403 891 435; x_wconf 90' lang='lat' dir='ltr'><em>A</em></span> 
     </span>
    </p>
   </div>
   <div class='ocr_carea' id='block_1_2' title="bbox 377 471 1230 1208">
    <p class='ocr_par' dir='ltr' id='par_1_2' title="bbox 377 471 1230 1208">
     <span class='ocr_line' id='line_1_2' title="bbox 377 471 1220 521; baseline -0.014 -9"><span class='ocrx_word' id='word_1_3' title='bbox 377 485 485 512; x_wconf 88' lang='lat' dir='ltr'>marte</span> <span class='ocrx_word' id='word_1_4' title='bbox 515 483 716 521; x_wconf 82' lang='lat' dir='ltr'>pugnatum,</span> <span class='ocrx_word' id='word_1_5' title='bbox 748 476 842 518; x_wconf 90' lang='lat' dir='ltr'>quod</span> <span class='ocrx_word' id='word_1_6' title='bbox 878 474 970 505; x_wconf 80' lang='lat' dir='ltr'>infra</span> <span class='ocrx_word' id='word_1_7' title='bbox 996 471 1143 503; x_wconf 83' lang='lat' dir='ltr'>triduum</span> <span class='ocrx_word' id='word_1_8' title='bbox 1178 480 1220 501; x_wconf 75' lang='lat' dir='ltr'>ex</span> 
     </span>
     <span class='ocr_line' id='line_1_3' title="bbox 377 523 1220 575; baseline -0.013 -11"><span class='ocrx_word' id='word_1_9' title='bbox 377 533 539 575; x_wconf 79' lang='lat' dir='ltr'>pactione</span> <span class='ocrx_word' id='word_1_10' title='bbox 563 531 668 572; x_wconf 82' lang='lat' dir='ltr'>ipsius</span> <span class='ocrx_word' id='word_1_11' title='bbox 691 529 895 561; x_wconf 76' lang='lat' dir='ltr'>defensores</span> <span class='ocrx_word' id='word_1_12' title='bbox 926 537 960 558; x_wconf 91' lang='lat' dir='ltr'>se</span> <span class='ocrx_word' id='word_1_13' title='bbox 992 536 1070 557; x_wconf 90' lang='lat' dir='ltr'>cum</span> <span class='ocrx_word' id='word_1_14' title='bbox 1102 523 1220 555; x_wconf 86' lang='lat' dir='ltr'>castris</span> 
     </span>
     <span class='ocr_line' id='line_1_4' title="bbox 378 581 1220 621; baseline -0.013 -4"><span class='ocrx_word' id='word_1_15' title='bbox 378 586 560 617; x_wconf 81' lang='lat' dir='ltr'>dederunt.</span> <span class='ocrx_word' id='word_1_16' title='bbox 608 582 687 620; x_wconf 87' lang='lat' dir='ltr'>Quo</span> <span class='ocrx_word' id='word_1_17' title='bbox 711 583 791 614; x_wconf 92' lang='lat' dir='ltr'>loco</span> <span class='ocrx_word' id='word_1_18' title='bbox 815 581 877 612; x_wconf 88' lang='lat' dir='ltr'>sub</span> <span class='ocrx_word' id='word_1_19' title='bbox 895 581 1145 621; x_wconf 83' lang='lat' dir='ltr'>armigerorum</span> <span class='ocrx_word' id='word_1_20' title='bbox 1163 587 1220 608; x_wconf 89' lang='lat' dir='ltr'>cu-</span> 
     </span>
     <span class='ocr_line' id='line_1_5' title="bbox 378 633 1220 677; baseline -0.013 -7"><span class='ocrx_word' id='word_1_21' title='bbox 378 639 491 670; x_wconf 83' lang='lat' dir='ltr'>stodia</span> <span class='ocrx_word' id='word_1_22' title='bbox 503 637 573 668; x_wconf 84' lang='lat' dir='ltr'>fida</span> <span class='ocrx_word' id='word_1_23' title='bbox 585 636 756 677; x_wconf 80' lang='lat' dir='ltr'>depositO,</span> <span class='ocrx_word' id='word_1_24' title='bbox 771 633 953 666; x_wconf 75' lang='lat' dir='ltr'>confestim</span> <span class='ocrx_word' id='word_1_25' title='bbox 970 633 1060 663; x_wconf 87' lang='lat' dir='ltr'>circa</span> <span class='ocrx_word' id='word_1_26' title='bbox 1074 636 1220 662; x_wconf 83' lang='lat' dir='ltr'>castrum</span> 
     </span>
     <span class='ocr_line' id='line_1_6' title="bbox 380 686 1223 732; baseline -0.013 -9"><span class='ocrx_word' id='word_1_27' title='bbox 380 691 475 722; x_wconf 88' lang='lat' dir='ltr'>aliud</span> <span class='ocrx_word' id='word_1_28' title='bbox 499 690 607 732; x_wconf 85' lang='lat' dir='ltr'>ipsius</span> <span class='ocrx_word' id='word_1_29' title='bbox 631 689 745 725; x_wconf 79' lang='lat' dir='ltr'>Blasii,</span> <span class='ocrx_word' id='word_1_30' title='bbox 775 687 913 719; x_wconf 88' lang='lat' dir='ltr'>nomine</span> <span class='ocrx_word' id='word_1_31' title='bbox 929 686 1087 727; x_wconf 78' lang='lat' dir='ltr'>Jvanum‚</span> <span class='ocrx_word' id='word_1_32' title='bbox 1103 689 1223 725; x_wconf 82' lang='lat' dir='ltr'>gentes</span> 
     </span>
     <span class='ocr_line' id='line_1_7' title="bbox 380 740 1223 785; baseline -0.012 -10"><span class='ocrx_word' id='word_1_33' title='bbox 380 744 485 785; x_wconf 89' lang='lat' dir='ltr'>ipsius</span> <span class='ocrx_word' id='word_1_34' title='bbox 510 743 684 785; x_wconf 78' lang='lat' dir='ltr'>magnifici</span> <span class='ocrx_word' id='word_1_35' title='bbox 713 740 841 772; x_wconf 85' lang='lat' dir='ltr'>domini</span> <span class='ocrx_word' id='word_1_36' title='bbox 872 743 1112 770; x_wconf 81' lang='lat' dir='ltr'>castrumetate</span> <span class='ocrx_word' id='word_1_37' title='bbox 1136 741 1223 766; x_wconf 85' lang='lat' dir='ltr'>sunt.</span> 
     </span>
     <span class='ocr_line' id='line_1_8' title="bbox 381 788 1225 839; baseline -0.013 -10"><span class='ocrx_word' id='word_1_38' title='bbox 381 797 501 839; x_wconf 83' lang='lat' dir='ltr'>Ibique</span> <span class='ocrx_word' id='word_1_39' title='bbox 525 806 604 827; x_wconf 86' lang='lat' dir='ltr'>mox</span> <span class='ocrx_word' id='word_1_40' title='bbox 628 795 766 828; x_wconf 80' lang='lat' dir='ltr'>devicta</span> <span class='ocrx_word' id='word_1_41' title='bbox 790 793 914 824; x_wconf 83' lang='lat' dir='ltr'>bastita</span> <span class='ocrx_word' id='word_1_42' title='bbox 939 791 1086 833; x_wconf 87' lang='lat' dir='ltr'>quadam</span> <span class='ocrx_word' id='word_1_43' title='bbox 1106 788 1225 830; x_wconf 84' lang='lat' dir='ltr'>lignea</span> 
     </span>
     <span class='ocr_line' id='line_1_9' title="bbox 381 843 1225 889; baseline -0.012 -8"><span class='ocrx_word' id='word_1_44' title='bbox 381 850 474 881; x_wconf 84' lang='lat' dir='ltr'>iuxta</span> <span class='ocrx_word' id='word_1_45' title='bbox 498 855 645 881; x_wconf 81' lang='lat' dir='ltr'>castrum</span> <span class='ocrx_word' id='word_1_46' title='bbox 674 848 797 889; x_wconf 86' lang='lat' dir='ltr'>posita,</span> <span class='ocrx_word' id='word_1_47' title='bbox 821 845 877 876; x_wconf 88' lang='lat' dir='ltr'>ubi</span> <span class='ocrx_word' id='word_1_48' title='bbox 902 843 1036 875; x_wconf 84' lang='lat' dir='ltr'>Blasius</span> <span class='ocrx_word' id='word_1_49' title='bbox 1058 843 1131 884; x_wconf 90' lang='lat' dir='ltr'>ipse</span> <span class='ocrx_word' id='word_1_50' title='bbox 1159 847 1225 872; x_wconf 82' lang='lat' dir='ltr'>sta-</span> 
     </span>
     <span class='ocr_line' id='line_1_10' title="bbox 382 897 1224 935; baseline -0.014 0"><span class='ocrx_word' id='word_1_51' title='bbox 382 903 464 935; x_wconf 84' lang='lat' dir='ltr'>bula</span> <span class='ocrx_word' id='word_1_52' title='bbox 495 903 628 934; x_wconf 76' lang='lat' dir='ltr'>fecerat</span> <span class='ocrx_word' id='word_1_53' title='bbox 656 900 863 935; x_wconf 90' lang='lat' dir='ltr'>animalium,</span> <span class='ocrx_word' id='word_1_54' title='bbox 888 897 1046 929; x_wconf 90' lang='lat' dir='ltr'>obsidere</span> <span class='ocrx_word' id='word_1_55' title='bbox 1075 900 1224 926; x_wconf 82' lang='lat' dir='ltr'>castrum</span> 
     </span>
     <span class='ocr_line' id='line_1_11' title="bbox 384 948 1225 997; baseline -0.013 -10"><span class='ocrx_word' id='word_1_56' title='bbox 384 956 495 997; x_wconf 87' lang='lat' dir='ltr'>ipsum</span> <span class='ocrx_word' id='word_1_57' title='bbox 519 956 554 986; x_wconf 89' lang='lat' dir='ltr'>in</span> <span class='ocrx_word' id='word_1_58' title='bbox 578 956 693 986; x_wconf 88' lang='lat' dir='ltr'>animo</span> <span class='ocrx_word' id='word_1_59' title='bbox 711 962 855 994; x_wconf 84' lang='lat' dir='ltr'>posuere</span> <span class='ocrx_word' id='word_1_60' title='bbox 873 955 1012 992; x_wconf 87' lang='lat' dir='ltr'>propter</span> <span class='ocrx_word' id='word_1_61' title='bbox 1030 948 1225 979; x_wconf 85' lang='lat' dir='ltr'>victualium</span> 
     </span>
     <span class='ocr_line' id='line_1_12' title="bbox 385 999 1228 1048; baseline -0.013 -8"><span class='ocrx_word' id='word_1_62' title='bbox 385 1009 591 1048; x_wconf 85' lang='lat' dir='ltr'>carenciam,</span> <span class='ocrx_word' id='word_1_63' title='bbox 609 1008 656 1039; x_wconf 85' lang='lat' dir='ltr'>uti</span> <span class='ocrx_word' id='word_1_64' title='bbox 674 1018 693 1037; x_wconf 92' lang='lat' dir='ltr'>a</span> <span class='ocrx_word' id='word_1_65' title='bbox 716 1005 918 1047; x_wconf 87' lang='lat' dir='ltr'>quibusdam</span> <span class='ocrx_word' id='word_1_66' title='bbox 944 1005 1177 1044; x_wconf 78' lang='lat' dir='ltr'>perceperant</span> <span class='ocrx_word' id='word_1_67' title='bbox 1193 999 1228 1028; x_wconf 93' lang='lat' dir='ltr'>in</span> 
     </span>
     <span class='ocr_line' id='line_1_13' title="bbox 385 1053 1228 1102; baseline -0.014 -9"><span class='ocrx_word' id='word_1_68' title='bbox 385 1061 510 1093; x_wconf 86' lang='lat' dir='ltr'>bastita</span> <span class='ocrx_word' id='word_1_69' title='bbox 525 1061 601 1102; x_wconf 82' lang='lat' dir='ltr'>ipsa</span> <span class='ocrx_word' id='word_1_70' title='bbox 618 1060 786 1092; x_wconf 86' lang='lat' dir='ltr'>deductis.</span> <span class='ocrx_word' id='word_1_71' title='bbox 825 1057 863 1088; x_wconf 89' lang='lat' dir='ltr'>In</span> <span class='ocrx_word' id='word_1_72' title='bbox 882 1066 949 1099; x_wconf 87' lang='lat' dir='ltr'>quo</span> <span class='ocrx_word' id='word_1_73' title='bbox 966 1061 1078 1087; x_wconf 85' lang='lat' dir='ltr'>castro</span> <span class='ocrx_word' id='word_1_74' title='bbox 1096 1053 1228 1084; x_wconf 87' lang='lat' dir='ltr'>Blasius</span> 
     </span>
     <span class='ocr_line' id='line_1_14' title="bbox 386 1105 1230 1151; baseline -0.014 -5"><span class='ocrx_word' id='word_1_75' title='bbox 386 1125 463 1146; x_wconf 90' lang='lat' dir='ltr'>cum</span> <span class='ocrx_word' id='word_1_76' title='bbox 476 1120 595 1151; x_wconf 88' lang='lat' dir='ltr'>matre,</span> <span class='ocrx_word' id='word_1_77' title='bbox 608 1123 726 1150; x_wconf 80' lang='lat' dir='ltr'>uxore,</span> <span class='ocrx_word' id='word_1_78' title='bbox 744 1112 823 1143; x_wconf 89' lang='lat' dir='ltr'>filiis</span> <span class='ocrx_word' id='word_1_79' title='bbox 840 1116 874 1141; x_wconf 88' lang='lat' dir='ltr'>et</span> <span class='ocrx_word' id='word_1_80' title='bbox 893 1110 998 1141; x_wconf 80' lang='lat' dir='ltr'>fratre</span> <span class='ocrx_word' id='word_1_81' title='bbox 1017 1113 1115 1139; x_wconf 87' lang='lat' dir='ltr'>erant</span> <span class='ocrx_word' id='word_1_82' title='bbox 1131 1105 1230 1137; x_wconf 86' lang='lat' dir='ltr'>ducis</span> 
     </span>
     <span class='ocr_line' id='line_1_15' title="bbox 385 1168 798 1208; baseline -0.01 -9"><span class='ocrx_word' id='word_1_83' title='bbox 385 1168 574 1200; x_wconf 86' lang='lat' dir='ltr'>subsidium</span> <span class='ocrx_word' id='word_1_84' title='bbox 600 1172 798 1208; x_wconf 80' lang='lat' dir='ltr'>expectans.</span> 
     </span>
    </p>
   </div>
   <div class='ocr_carea' id='block_1_3' title="bbox 391 1423 1253 2799">
    <p class='ocr_par' dir='ltr' id='par_1_3' title="bbox 391 1423 1253 2799">
     <span class='ocr_line' id='line_1_16' title="bbox 478 1423 1231 1469; baseline -0.016 -5"><span class='ocrx_word' id='word_1_85' title='bbox 478 1433 553 1464; x_wconf 84' lang='lat'><strong>259.</strong></span> <span class='ocrx_word' id='word_1_86' title='bbox 572 1451 611 1455; x_wconf 97' lang='lat'><strong>—</strong></span> <span class='ocrx_word' id='word_1_87' title='bbox 629 1431 769 1462; x_wconf 80' lang='lat' dir='ltr'>Interim</span> <span class='ocrx_word' id='word_1_88' title='bbox 786 1429 857 1461; x_wconf 82' lang='lat' dir='ltr'>dux</span> <span class='ocrx_word' id='word_1_89' title='bbox 871 1428 946 1469; x_wconf 85' lang='lat' dir='ltr'>ipse</span> <span class='ocrx_word' id='word_1_90' title='bbox 964 1425 1140 1458; x_wconf 75' lang='lat' dir='ltr'>Rodulfus</span> <span class='ocrx_word' id='word_1_91' title='bbox 1158 1423 1231 1454; x_wconf 83' lang='lat' dir='ltr'>Me-</span> 
     </span>
     <span class='ocr_line' id='line_1_17' title="bbox 391 1479 1232 1520; baseline -0.014 -2"><span class='ocrx_word' id='word_1_92' title='bbox 391 1486 521 1518; x_wconf 73' lang='lat' dir='ltr'>diolani</span> <span class='ocrx_word' id='word_1_93' title='bbox 546 1492 618 1516; x_wconf 87' lang='lat' dir='ltr'>erat</span> <span class='ocrx_word' id='word_1_94' title='bbox 634 1484 793 1515; x_wconf 81' lang='lat' dir='ltr'>infirmus</span> <span class='ocrx_word' id='word_1_95' title='bbox 809 1489 843 1514; x_wconf 82' lang='lat' dir='ltr'>et</span> <span class='ocrx_word' id='word_1_96' title='bbox 860 1481 978 1513; x_wconf 87' lang='lat' dir='ltr'>dietim</span> <span class='ocrx_word' id='word_1_97' title='bbox 1004 1479 1091 1510; x_wconf 87' lang='lat' dir='ltr'>adeo</span> <span class='ocrx_word' id='word_1_98' title='bbox 1114 1487 1232 1520; x_wconf 82' lang='lat' dir='ltr'>grava-</span> 
     </span>
     <span class='ocr_line' id='line_1_18' title="bbox 391 1530 1234 1580; baseline -0.015 -8"><span class='ocrx_word' id='word_1_99' title='bbox 391 1541 502 1576; x_wconf 85' lang='lat' dir='ltr'>batur,</span> <span class='ocrx_word' id='word_1_100' title='bbox 527 1538 621 1580; x_wconf 87' lang='lat' dir='ltr'>quod</span> <span class='ocrx_word' id='word_1_101' title='bbox 646 1538 688 1568; x_wconf 87' lang='lat' dir='ltr'>de</span> <span class='ocrx_word' id='word_1_102' title='bbox 706 1543 814 1567; x_wconf 86' lang='lat' dir='ltr'>morte</span> <span class='ocrx_word' id='word_1_103' title='bbox 837 1535 945 1575; x_wconf 85' lang='lat' dir='ltr'>ipsius</span> <span class='ocrx_word' id='word_1_104' title='bbox 968 1531 1093 1564; x_wconf 88' lang='lat' dir='ltr'>medici</span> <span class='ocrx_word' id='word_1_105' title='bbox 1112 1530 1234 1572; x_wconf 84' lang='lat' dir='ltr'>pocius</span> 
     </span>
     <span class='ocr_line' id='line_1_19' title="bbox 392 1583 1234 1635; baseline -0.014 -11"><span class='ocrx_word' id='word_1_106' title='bbox 392 1604 493 1635; x_wconf 88' lang='lat' dir='ltr'>quam</span> <span class='ocrx_word' id='word_1_107' title='bbox 519 1593 562 1622; x_wconf 88' lang='lat' dir='ltr'>de</span> <span class='ocrx_word' id='word_1_108' title='bbox 587 1592 656 1622; x_wconf 88' lang='lat' dir='ltr'>vita</span> <span class='ocrx_word' id='word_1_109' title='bbox 680 1589 857 1631; x_wconf 85' lang='lat' dir='ltr'>putabant.</span> <span class='ocrx_word' id='word_1_110' title='bbox 903 1587 954 1618; x_wconf 80' lang='lat' dir='ltr'>Ex</span> <span class='ocrx_word' id='word_1_111' title='bbox 979 1596 1047 1627; x_wconf 92' lang='lat' dir='ltr'>quo</span> <span class='ocrx_word' id='word_1_112' title='bbox 1079 1585 1151 1625; x_wconf 88' lang='lat' dir='ltr'>ipse</span> <span class='ocrx_word' id='word_1_113' title='bbox 1177 1583 1234 1613; x_wconf 90' lang='lat' dir='ltr'>do-</span> 
     </span>
     <span class='ocr_line' id='line_1_20' title="bbox 393 1636 1236 1682; baseline -0.012 -6"><span class='ocrx_word' id='word_1_114' title='bbox 393 1647 502 1676; x_wconf 85' lang='lat' dir='ltr'>minus</span> <span class='ocrx_word' id='word_1_115' title='bbox 526 1642 714 1678; x_wconf 77' lang='lat' dir='ltr'>Bernabos,</span> <span class='ocrx_word' id='word_1_116' title='bbox 743 1642 789 1672; x_wconf 91' lang='lat' dir='ltr'>uti</span> <span class='ocrx_word' id='word_1_117' title='bbox 822 1651 883 1681; x_wconf 89' lang='lat' dir='ltr'>per</span> <span class='ocrx_word' id='word_1_118' title='bbox 913 1641 1022 1682; x_wconf 81' lang='lat' dir='ltr'>signa,</span> <span class='ocrx_word' id='word_1_119' title='bbox 1054 1647 1120 1679; x_wconf 77' lang='lat' dir='ltr'>que</span> <span class='ocrx_word' id='word_1_120' title='bbox 1152 1636 1236 1667; x_wconf 73' lang='lat' dir='ltr'>soris</span> 
     </span>
     <span class='ocr_line' id='line_1_21' title="bbox 394 1690 1235 1733; baseline -0.014 -3"><span class='ocrx_word' id='word_1_121' title='bbox 394 1697 609 1733; x_wconf 78' lang='lat' dir='ltr'>ostendebat,</span> <span class='ocrx_word' id='word_1_122' title='bbox 622 1696 763 1726; x_wconf 90' lang='lat' dir='ltr'>multum</span> <span class='ocrx_word' id='word_1_123' title='bbox 783 1693 989 1724; x_wconf 80' lang='lat' dir='ltr'>tristabatur.</span> <span class='ocrx_word' id='word_1_124' title='bbox 1015 1691 1147 1722; x_wconf 75' lang='lat' dir='ltr'>Rlasius</span> <span class='ocrx_word' id='word_1_125' title='bbox 1162 1690 1235 1730; x_wconf 84' lang='lat' dir='ltr'>ipse</span> 
     </span>
     <span class='ocr_line' id='line_1_22' title="bbox 394 1743 1236 1788; baseline -0.012 -6"><span class='ocrx_word' id='word_1_126' title='bbox 394 1757 507 1783; x_wconf 86' lang='lat' dir='ltr'>autem</span> <span class='ocrx_word' id='word_1_127' title='bbox 542 1750 676 1780; x_wconf 85' lang='lat' dir='ltr'>interea</span> <span class='ocrx_word' id='word_1_128' title='bbox 712 1747 881 1788; x_wconf 86' lang='lat' dir='ltr'>suppedia</span> <span class='ocrx_word' id='word_1_129' title='bbox 917 1743 1136 1785; x_wconf 79' lang='lat' dir='ltr'>expectabat,</span> <span class='ocrx_word' id='word_1_130' title='bbox 1171 1752 1236 1783; x_wconf 88' lang='lat' dir='ltr'>que</span> 
     </span>
     <span class='ocr_line' id='line_1_23' title="bbox 396 1797 1237 1844; baseline -0.013 -9"><span class='ocrx_word' id='word_1_131' title='bbox 396 1804 478 1836; x_wconf 89' lang='lat' dir='ltr'>duci</span> <span class='ocrx_word' id='word_1_132' title='bbox 513 1802 589 1844; x_wconf 86' lang='lat' dir='ltr'>ipsi,</span> <span class='ocrx_word' id='word_1_133' title='bbox 625 1802 763 1832; x_wconf 70' lang='lat' dir='ltr'>fortune</span> <span class='ocrx_word' id='word_1_134' title='bbox 801 1810 859 1830; x_wconf 86' lang='lat' dir='ltr'>sue</span> <span class='ocrx_word' id='word_1_135' title='bbox 896 1809 1010 1829; x_wconf 87' lang='lat' dir='ltr'>casum</span> <span class='ocrx_word' id='word_1_136' title='bbox 1051 1797 1237 1833; x_wconf 78' lang='lat' dir='ltr'>insinuans,</span> 
     </span>
     <span class='ocr_line' id='line_1_24' title="bbox 395 1849 1238 1897; baseline -0.011 -9"><span class='ocrx_word' id='word_1_137' title='bbox 395 1857 536 1889; x_wconf 82' lang='lat' dir='ltr'>miserat</span> <span class='ocrx_word' id='word_1_138' title='bbox 573 1855 755 1897; x_wconf 88' lang='lat' dir='ltr'>petiturus.</span> <span class='ocrx_word' id='word_1_139' title='bbox 803 1853 891 1884; x_wconf 89' lang='lat' dir='ltr'>Huic</span> <span class='ocrx_word' id='word_1_140' title='bbox 930 1852 1018 1883; x_wconf 90' lang='lat' dir='ltr'>enim</span> <span class='ocrx_word' id='word_1_141' title='bbox 1060 1851 1129 1881; x_wconf 82' lang='lat' dir='ltr'>dux</span> <span class='ocrx_word' id='word_1_142' title='bbox 1166 1849 1238 1890; x_wconf 88' lang='lat' dir='ltr'>ipse</span> 
     </span>
     <span class='ocr_line' id='line_1_25' title="bbox 396 1902 1238 1953; baseline -0.012 -11"><span class='ocrx_word' id='word_1_143' title='bbox 396 1910 603 1953; x_wconf 86' lang='lat' dir='ltr'>promiserat</span> <span class='ocrx_word' id='word_1_144' title='bbox 627 1913 660 1939; x_wconf 88' lang='lat' dir='ltr'>et</span> <span class='ocrx_word' id='word_1_145' title='bbox 677 1907 810 1938; x_wconf 84' lang='lat' dir='ltr'>assidue</span> <span class='ocrx_word' id='word_1_146' title='bbox 835 1904 1065 1946; x_wconf 88' lang='lat' dir='ltr'>promictebat</span> <span class='ocrx_word' id='word_1_147' title='bbox 1088 1904 1121 1934; x_wconf 90' lang='lat' dir='ltr'>in</span> <span class='ocrx_word' id='word_1_148' title='bbox 1143 1902 1238 1933; x_wconf 87' lang='lat' dir='ltr'>brevi</span> 
     </span>
     <span class='ocr_line' id='line_1_26' title="bbox 397 1958 1241 2003; baseline -0.012 -8"><span class='ocrx_word' id='word_1_149' title='bbox 397 1975 433 1995; x_wconf 88' lang='lat' dir='ltr'>se</span> <span class='ocrx_word' id='word_1_150' title='bbox 458 1963 502 1994; x_wconf 92' lang='lat' dir='ltr'>ad</span> <span class='ocrx_word' id='word_1_151' title='bbox 534 1967 650 2003; x_wconf 85' lang='lat' dir='ltr'>partes</span> <span class='ocrx_word' id='word_1_152' title='bbox 683 1971 759 1991; x_wconf 91' lang='lat' dir='ltr'>cum</span> <span class='ocrx_word' id='word_1_153' title='bbox 791 1958 952 2002; x_wconf 84' lang='lat' dir='ltr'>gentibus</span> <span class='ocrx_word' id='word_1_154' title='bbox 984 1964 1175 1993; x_wconf 83' lang='lat' dir='ltr'>venturum,</span> <span class='ocrx_word' id='word_1_155' title='bbox 1207 1961 1241 1985; x_wconf 90' lang='lat' dir='ltr'>et</span> 
     </span>
     <span class='ocr_line' id='line_1_27' title="bbox 397 2009 1240 2057; baseline -0.012 -9"><span class='ocrx_word' id='word_1_156' title='bbox 397 2027 476 2057; x_wconf 86' lang='lat' dir='ltr'>spes</span> <span class='ocrx_word' id='word_1_157' title='bbox 511 2014 666 2057; x_wconf 92' lang='lat' dir='ltr'>quotidie</span> <span class='ocrx_word' id='word_1_158' title='bbox 699 2023 776 2044; x_wconf 91' lang='lat' dir='ltr'>eum</span> <span class='ocrx_word' id='word_1_159' title='bbox 810 2012 962 2043; x_wconf 81' lang='lat' dir='ltr'>fallebat.</span> <span class='ocrx_word' id='word_1_160' title='bbox 1009 2009 1069 2041; x_wconf 85' lang='lat' dir='ltr'>Set</span> <span class='ocrx_word' id='word_1_161' title='bbox 1101 2009 1240 2041; x_wconf 83' lang='lat' dir='ltr'>tandem</span> 
     </span>
     <span class='ocr_line' id='line_1_28' title="bbox 399 2063 1241 2108; baseline -0.012 -7"><span class='ocrx_word' id='word_1_162' title='bbox 399 2069 558 2102; x_wconf 88' lang='lat' dir='ltr'>dominus</span> <span class='ocrx_word' id='word_1_163' title='bbox 581 2068 655 2108; x_wconf 88' lang='lat' dir='ltr'>ipse</span> <span class='ocrx_word' id='word_1_164' title='bbox 681 2065 869 2101; x_wconf 83' lang='lat' dir='ltr'>Bernabos,</span> <span class='ocrx_word' id='word_1_165' title='bbox 900 2070 1044 2106; x_wconf 88' lang='lat' dir='ltr'>precatu</span> <span class='ocrx_word' id='word_1_166' title='bbox 1068 2063 1166 2094; x_wconf 81' lang='lat' dir='ltr'>ducis</span> <span class='ocrx_word' id='word_1_167' title='bbox 1188 2072 1241 2092; x_wconf 89' lang='lat' dir='ltr'>as-</span> 
     </span>
     <span class='ocr_line' id='line_1_29' title="bbox 399 2116 1245 2162; baseline -0.011 -8"><span class='ocrx_word' id='word_1_168' title='bbox 399 2123 508 2159; x_wconf 88' lang='lat' dir='ltr'>sidue,</span> <span class='ocrx_word' id='word_1_169' title='bbox 525 2121 715 2162; x_wconf 82' lang='lat' dir='ltr'>armigeros</span> <span class='ocrx_word' id='word_1_170' title='bbox 739 2119 945 2160; x_wconf 84' lang='lat' dir='ltr'>quingentos</span> <span class='ocrx_word' id='word_1_171' title='bbox 962 2117 1168 2148; x_wconf 85' lang='lat' dir='ltr'>Tridentum</span> <span class='ocrx_word' id='word_1_172' title='bbox 1187 2116 1245 2146; x_wconf 90' lang='lat' dir='ltr'>de-</span> 
     </span>
     <span class='ocr_line' id='line_1_30' title="bbox 400 2168 1244 2209; baseline -0.011 -2"><span class='ocrx_word' id='word_1_173' title='bbox 400 2175 539 2207; x_wconf 84' lang='lat' dir='ltr'>stinavit</span> <span class='ocrx_word' id='word_1_174' title='bbox 570 2174 709 2205; x_wconf 88' lang='lat' dir='ltr'>obsesso</span> <span class='ocrx_word' id='word_1_175' title='bbox 735 2172 847 2203; x_wconf 82' lang='lat' dir='ltr'>Blasio</span> <span class='ocrx_word' id='word_1_176' title='bbox 879 2169 1066 2202; x_wconf 88' lang='lat' dir='ltr'>subsidium</span> <span class='ocrx_word' id='word_1_177' title='bbox 1092 2168 1244 2209; x_wconf 83' lang='lat' dir='ltr'>prebitu-</span> 
     </span>
     <span class='ocr_line' id='line_1_31' title="bbox 400 2220 1245 2270; baseline -0.011 -10"><span class='ocrx_word' id='word_1_178' title='bbox 400 2239 467 2266; x_wconf 88' lang='lat' dir='ltr'>ros,</span> <span class='ocrx_word' id='word_1_179' title='bbox 485 2228 541 2270; x_wconf 86' lang='lat' dir='ltr'>qui</span> <span class='ocrx_word' id='word_1_180' title='bbox 559 2237 622 2268; x_wconf 89' lang='lat' dir='ltr'>per</span> <span class='ocrx_word' id='word_1_181' title='bbox 638 2236 773 2267; x_wconf 89' lang='lat' dir='ltr'>passum</span> <span class='ocrx_word' id='word_1_182' title='bbox 791 2223 1026 2265; x_wconf 83' lang='lat' dir='ltr'>Canissignori</span> <span class='ocrx_word' id='word_1_183' title='bbox 1039 2222 1118 2253; x_wconf 88' lang='lat' dir='ltr'>dela</span> <span class='ocrx_word' id='word_1_184' title='bbox 1143 2220 1245 2253; x_wconf 85' lang='lat' dir='ltr'>Scala</span> 
     </span>
     <span class='ocr_line' id='line_1_32' title="bbox 401 2274 1246 2321; baseline -0.008 -9"><span class='ocrx_word' id='word_1_185' title='bbox 401 2281 493 2312; x_wconf 84' lang='lat' dir='ltr'>ultro</span> <span class='ocrx_word' id='word_1_186' title='bbox 516 2280 600 2321; x_wconf 85' lang='lat' dir='ltr'>ipsis</span> <span class='ocrx_word' id='word_1_187' title='bbox 624 2279 775 2310; x_wconf 83' lang='lat' dir='ltr'>oblatum</span> <span class='ocrx_word' id='word_1_188' title='bbox 808 2278 1026 2309; x_wconf 86' lang='lat' dir='ltr'>transierunt.</span> <span class='ocrx_word' id='word_1_189' title='bbox 1075 2274 1156 2312; x_wconf 88' lang='lat' dir='ltr'>Quo</span> <span class='ocrx_word' id='word_1_190' title='bbox 1184 2285 1246 2315; x_wconf 90' lang='lat' dir='ltr'>per</span> 
     </span>
     <span class='ocr_line' id='line_1_33' title="bbox 403 2329 1246 2375; baseline -0.007 -11"><span class='ocrx_word' id='word_1_191' title='bbox 403 2334 513 2375; x_wconf 89' lang='lat' dir='ltr'>ipsum</span> <span class='ocrx_word' id='word_1_192' title='bbox 549 2331 772 2375; x_wconf 77' lang='lat' dir='ltr'>magnificum</span> <span class='ocrx_word' id='word_1_193' title='bbox 809 2330 983 2362; x_wconf 88' lang='lat' dir='ltr'>dominum</span> <span class='ocrx_word' id='word_1_194' title='bbox 1023 2329 1246 2360; x_wconf 88' lang='lat' dir='ltr'>Franciscum</span> 
     </span>
     <span class='ocr_line' id='line_1_34' title="bbox 404 2383 1249 2429; baseline -0.008 -11"><span class='ocrx_word' id='word_1_195' title='bbox 404 2387 605 2429; x_wconf 68' lang='lat' dir='ltr'>persenfflo,</span> <span class='ocrx_word' id='word_1_196' title='bbox 617 2385 711 2417; x_wconf 87' lang='lat' dir='ltr'>illico</span> <span class='ocrx_word' id='word_1_197' title='bbox 724 2385 859 2426; x_wconf 86' lang='lat' dir='ltr'>pedites</span> <span class='ocrx_word' id='word_1_198' title='bbox 871 2383 1150 2425; x_wconf 78' lang='lat' dir='ltr'>quamplurimos,</span> <span class='ocrx_word' id='word_1_199' title='bbox 1164 2391 1249 2422; x_wconf 91' lang='lat' dir='ltr'>quos</span> 
     </span>
     <span class='ocr_line' id='line_1_35' title="bbox 405 2435 1248 2481; baseline -0.009 -9"><span class='ocrx_word' id='word_1_200' title='bbox 405 2440 607 2481; x_wconf 87' lang='lat' dir='ltr'>stipendiari</span> <span class='ocrx_word' id='word_1_201' title='bbox 631 2445 708 2470; x_wconf 88' lang='lat' dir='ltr'>ante</span> <span class='ocrx_word' id='word_1_202' title='bbox 733 2438 887 2475; x_wconf 85' lang='lat' dir='ltr'>iusserat,</span> <span class='ocrx_word' id='word_1_203' title='bbox 903 2436 994 2467; x_wconf 81' lang='lat' dir='ltr'>misit</span> <span class='ocrx_word' id='word_1_204' title='bbox 1011 2441 1055 2472; x_wconf 89' lang='lat' dir='ltr'>et,</span> <span class='ocrx_word' id='word_1_205' title='bbox 1073 2441 1110 2466; x_wconf 81' lang='lat' dir='ltr'>ut</span> <span class='ocrx_word' id='word_1_206' title='bbox 1131 2435 1248 2465; x_wconf 85' lang='lat' dir='ltr'>venie-</span> 
     </span>
     <span class='ocr_line' id='line_1_36' title="bbox 407 2489 1251 2531; baseline -0.008 -7"><span class='ocrx_word' id='word_1_207' title='bbox 407 2493 500 2530; x_wconf 83' lang='lat' dir='ltr'>bant,</span> <span class='ocrx_word' id='word_1_208' title='bbox 525 2492 687 2524; x_wconf 87' lang='lat' dir='ltr'>mictebat</span> <span class='ocrx_word' id='word_1_209' title='bbox 711 2491 754 2522; x_wconf 92' lang='lat' dir='ltr'>ad</span> <span class='ocrx_word' id='word_1_210' title='bbox 780 2501 950 2531; x_wconf 82' lang='lat' dir='ltr'>campum,</span> <span class='ocrx_word' id='word_1_211' title='bbox 967 2499 1028 2530; x_wconf 89' lang='lat' dir='ltr'>per</span> <span class='ocrx_word' id='word_1_212' title='bbox 1051 2489 1251 2529; x_wconf 87' lang='lat' dir='ltr'>capitaneos</span> 
     </span>
     <span class='ocr_line' id='line_1_37' title="bbox 407 2544 1250 2588; baseline -0.008 -10"><span class='ocrx_word' id='word_1_213' title='bbox 407 2547 466 2583; x_wconf 93' lang='lat' dir='ltr'>ibi,</span> <span class='ocrx_word' id='word_1_214' title='bbox 490 2546 547 2588; x_wconf 91' lang='lat' dir='ltr'>qui</span> <span class='ocrx_word' id='word_1_215' title='bbox 570 2545 704 2576; x_wconf 89' lang='lat' dir='ltr'>vicibus</span> <span class='ocrx_word' id='word_1_216' title='bbox 728 2546 760 2575; x_wconf 78' lang='lat' dir='ltr'>in</span> <span class='ocrx_word' id='word_1_217' title='bbox 787 2545 930 2576; x_wconf 90' lang='lat' dir='ltr'>diversis</span> <span class='ocrx_word' id='word_1_218' title='bbox 946 2544 1086 2574; x_wconf 76' lang='lat' dir='ltr'>fuerunt</span> <span class='ocrx_word' id='word_1_219' title='bbox 1110 2551 1250 2573; x_wconf 85' lang='lat' dir='ltr'>numero</span> 
     </span>
     <span class='ocr_line' id='line_1_38' title="bbox 409 2596 1251 2641; baseline -0.008 -10"><span class='ocrx_word' id='word_1_220' title='bbox 409 2607 552 2641; x_wconf 87' lang='lat' dir='ltr'>septem,</span> <span class='ocrx_word' id='word_1_221' title='bbox 592 2599 678 2630; x_wconf 87' lang='lat' dir='ltr'>adeo</span> <span class='ocrx_word' id='word_1_222' title='bbox 718 2598 923 2629; x_wconf 84' lang='lat' dir='ltr'>custoditum</span> <span class='ocrx_word' id='word_1_223' title='bbox 965 2596 1114 2637; x_wconf 80' lang='lat' dir='ltr'>fortique</span> <span class='ocrx_word' id='word_1_224' title='bbox 1150 2604 1251 2625; x_wconf 88' lang='lat' dir='ltr'>manu</span> 
     </span>
     <span class='ocr_line' id='line_1_39' title="bbox 410 2647 1252 2694; baseline -0.008 -10"><span class='ocrx_word' id='word_1_225' title='bbox 410 2653 585 2689; x_wconf 84' lang='lat' dir='ltr'>munitum,</span> <span class='ocrx_word' id='word_1_226' title='bbox 611 2651 702 2694; x_wconf 89' lang='lat' dir='ltr'>quod</span> <span class='ocrx_word' id='word_1_227' title='bbox 727 2661 946 2693; x_wconf 79' lang='lat' dir='ltr'>congressum</span> <span class='ocrx_word' id='word_1_228' title='bbox 964 2648 1135 2680; x_wconf 90' lang='lat' dir='ltr'>modicum</span> <span class='ocrx_word' id='word_1_229' title='bbox 1154 2647 1252 2678; x_wconf 86' lang='lat' dir='ltr'>time-</span> 
     </span>
     <span class='ocr_line' id='line_1_40' title="bbox 410 2703 1253 2742; baseline -0.007 -5"><span class='ocrx_word' id='word_1_230' title='bbox 410 2706 493 2737; x_wconf 83' lang='lat' dir='ltr'>bant</span> <span class='ocrx_word' id='word_1_231' title='bbox 517 2706 718 2741; x_wconf 86' lang='lat' dir='ltr'>emulorum,</span> <span class='ocrx_word' id='word_1_232' title='bbox 736 2703 981 2735; x_wconf 79' lang='lat' dir='ltr'>nichilominus</span> <span class='ocrx_word' id='word_1_233' title='bbox 1006 2703 1063 2734; x_wconf 89' lang='lat' dir='ltr'>die</span> <span class='ocrx_word' id='word_1_234' title='bbox 1082 2707 1253 2742; x_wconf 84' lang='lat' dir='ltr'>noctuque</span> 
     </span>
     <span class='ocr_line' id='line_1_41' title="bbox 412 2757 948 2799; baseline -0.007 -8"><span class='ocrx_word' id='word_1_235' title='bbox 412 2761 569 2792; x_wconf 89' lang='lat' dir='ltr'>custodia</span> <span class='ocrx_word' id='word_1_236' title='bbox 592 2759 746 2791; x_wconf 90' lang='lat' dir='ltr'>adhibita</span> <span class='ocrx_word' id='word_1_237' title='bbox 778 2757 948 2799; x_wconf 84' lang='lat' dir='ltr'>diligenti.</span> 
     </span>
    </p>
   </div>
   <div class='ocr_carea' id='block_1_4' title="bbox 1293 893 1330 922">
    <p class='ocr_par' dir='ltr' id='par_1_4' title="bbox 1293 893 1330 922">
     <span class='ocr_line' id='line_1_42' title="bbox 1293 893 1330 922; baseline 0 0"><span class='ocrx_word' id='word_1_238' title='bbox 1293 893 1330 922; x_wconf 88' lang='lat'>10</span> 
     </span>
    </p>
   </div>
   <div class='ocr_carea' id='block_1_5' title="bbox 1297 1156 1334 1187">
    <p class='ocr_par' dir='ltr' id='par_1_5' title="bbox 1297 1156 1334 1187">
     <span class='ocr_line' id='line_1_43' title="bbox 1297 1156 1334 1187; baseline -0.027 0"><span class='ocrx_word' id='word_1_239' title='bbox 1297 1156 1334 1187; x_wconf 89' lang='grc'>15</span> 
     </span>
    </p>
   </div>
   <div class='ocr_carea' id='block_1_6' title="bbox 1298 1476 1339 1506">
    <p class='ocr_par' dir='ltr' id='par_1_6' title="bbox 1298 1476 1339 1506">
     <span class='ocr_line' id='line_1_44' title="bbox 1298 1476 1339 1506; baseline -0.024 0"><span class='ocrx_word' id='word_1_240' title='bbox 1298 1476 1339 1506; x_wconf 83' lang='grc'>20</span> 
     </span>
    </p>
   </div>
   <div class='ocr_carea' id='block_1_7' title="bbox 1302 1741 1341 1772">
    <p class='ocr_par' dir='ltr' id='par_1_7' title="bbox 1302 1741 1341 1772">
     <span class='ocr_line' id='line_1_45' title="bbox 1302 1741 1341 1772; baseline -0.026 0"><span class='ocrx_word' id='word_1_241' title='bbox 1302 1741 1341 1772; x_wconf 87' lang='grc'>25</span> 
     </span>
    </p>
   </div>
   <div class='ocr_carea' id='block_1_8' title="bbox 1275 2003 1346 2042">
    <p class='ocr_par' dir='ltr' id='par_1_8' title="bbox 1275 2003 1346 2042">
     <span class='ocr_line' id='line_1_46' title="bbox 1275 2003 1346 2042; baseline -0.056 0"><span class='ocrx_word' id='word_1_242' title='bbox 1275 2003 1346 2042; x_wconf 67' lang='lat'>{30</span> 
     </span>
    </p>
   </div>
   <div class='ocr_carea' id='block_1_9' title="bbox 1278 2267 1350 2311">
    <p class='ocr_par' dir='ltr' id='par_1_9' title="bbox 1278 2267 1350 2311">
     <span class='ocr_line' id='line_1_47' title="bbox 1278 2267 1350 2311; baseline -0.028 0"><span class='ocrx_word' id='word_1_243' title='bbox 1278 2267 1350 2311; x_wconf 71' lang='lat'>&#39;35</span> 
     </span>
    </p>
   </div>
   <div class='ocr_carea' id='block_1_10' title="bbox 1315 2551 1356 2581">
    <p class='ocr_par' dir='ltr' id='par_1_10' title="bbox 1315 2551 1356 2581">
     <span class='ocr_line' id='line_1_48' title="bbox 1315 2551 1356 2581; baseline 0 0"><span class='ocrx_word' id='word_1_244' title='bbox 1315 2551 1356 2581; x_wconf 69' lang='lat'>40</span> 
     </span>
    </p>
   </div>
   <div class='ocr_carea' id='block_1_11' title="bbox 1253 540 1291 2877">
    <p class='ocr_par' dir='ltr' id='par_1_11' title="bbox 1253 540 1291 2877">
     <span class='ocr_line' id='line_1_49' title="bbox 1253 540 1291 2877; baseline 0 0"><span class='ocrx_word' id='word_1_245' title='bbox 1253 540 1291 2877; x_wconf 95' lang='lat' dir='ltr'> </span> 
     </span>
    </p>
   </div>
   <div class='ocr_carea' id='block_1_12' title="bbox 1320 2822 1359 2852">
    <p class='ocr_par' dir='ltr' id='par_1_12' title="bbox 1320 2822 1359 2852">
     <span class='ocr_line' id='line_1_50' title="bbox 1320 2822 1359 2852; baseline 0 0"><span class='ocrx_word' id='word_1_246' title='bbox 1320 2822 1359 2852; x_wconf 88' lang='grc'>45</span> 
     </span>
    </p>
   </div>
   <div class='ocr_carea' id='block_1_13' title="bbox 1343 273 1382 2818">
    <p class='ocr_par' dir='ltr' id='par_1_13' title="bbox 1343 273 1382 2818">
     <span class='ocr_line' id='line_1_51' title="bbox 1343 273 1382 2818; baseline 0 0"><span class='ocrx_word' id='word_1_247' title='bbox 1343 273 1382 2818; x_wconf 95' lang='lat' dir='ltr'> </span> 
     </span>
    </p>
   </div>
   <div class='ocr_carea' id='block_1_14' title="bbox 732 261 1865 308">
    <p class='ocr_par' dir='ltr' id='par_1_14' title="bbox 732 261 1865 308">
     <span class='ocr_line' id='line_1_52' title="bbox 732 261 1865 308; baseline -0.012 0"><span class='ocrx_word' id='word_1_248' title='bbox 732 271 902 308; x_wconf 87' lang='lat' dir='ltr'>GESTA</span> <span class='ocrx_word' id='word_1_249' title='bbox 930 268 1232 306; x_wconf 70' lang='lat' dir='ltr'><strong>MAGNIFICA</strong></span> <span class='ocrx_word' id='word_1_250' title='bbox 1262 264 1447 300; x_wconf 82' lang='lat' dir='ltr'><strong>DOMUS</strong></span> <span class='ocrx_word' id='word_1_251' title='bbox 1477 261 1865 298; x_wconf 82' lang='lat' dir='ltr'><strong>CARRARIENSIS</strong></span> 
     </span>
    </p>
   </div>
   <div class='ocr_carea' id='block_1_15' title="bbox 1702 395 1898 426">
    <p class='ocr_par' dir='ltr' id='par_1_15' title="bbox 1702 395 1898 426">
     <span class='ocr_line' id='line_1_53' title="bbox 1702 395 1898 426; baseline -0.005 0"><span class='ocrx_word' id='word_1_252' title='bbox 1702 396 1843 426; x_wconf 73' lang='lat' dir='ltr'><strong>REDAZ.</strong></span> <span class='ocrx_word' id='word_1_253' title='bbox 1866 395 1898 426; x_wconf 92' lang='lat' dir='ltr'><em>D</em></span> 
     </span>
    </p>
   </div>
   <div class='ocr_carea' id='block_1_16' title="bbox 1383 465 2221 670">
    <p class='ocr_par' dir='ltr' id='par_1_16' title="bbox 1383 465 2221 670">
     <span class='ocr_line' id='line_1_54' title="bbox 1383 465 2218 510; baseline -0.004 -10"><span class='ocrx_word' id='word_1_254' title='bbox 1383 469 1447 500; x_wconf 89' lang='lat' dir='ltr'>che</span> <span class='ocrx_word' id='word_1_255' title='bbox 1471 479 1581 510; x_wconf 88' lang='lat' dir='ltr'>apena</span> <span class='ocrx_word' id='word_1_256' title='bbox 1604 467 1632 500; x_wconf 86' lang='lat' dir='ltr'>si</span> <span class='ocrx_word' id='word_1_257' title='bbox 1657 468 1713 510; x_wconf 84' lang='lat' dir='ltr'>po’</span> <span class='ocrx_word' id='word_1_258' title='bbox 1737 467 1933 503; x_wconf 85' lang='lat' dir='ltr'>cavalchar,</span> <span class='ocrx_word' id='word_1_259' title='bbox 1958 472 1991 497; x_wconf 87' lang='lat' dir='ltr'>et</span> <span class='ocrx_word' id='word_1_260' title='bbox 2024 465 2218 498; x_wconf 87' lang='lat' dir='ltr'>conbatello</span> 
     </span>
     <span class='ocr_line' id='line_1_55' title="bbox 1383 519 2219 564; baseline -0.002 -12"><span class='ocrx_word' id='word_1_261' title='bbox 1383 532 1449 552; x_wconf 91' lang='lat' dir='ltr'>con</span> <span class='ocrx_word' id='word_1_262' title='bbox 1473 527 1565 552; x_wconf 86' lang='lat' dir='ltr'>tanta</span> <span class='ocrx_word' id='word_1_263' title='bbox 1588 521 1685 564; x_wconf 72' lang='lat' dir='ltr'>{orca</span> <span class='ocrx_word' id='word_1_264' title='bbox 1709 527 1741 553; x_wconf 88' lang='lat' dir='ltr'>et</span> <span class='ocrx_word' id='word_1_265' title='bbox 1765 531 1830 552; x_wconf 88' lang='lat' dir='ltr'>con</span> <span class='ocrx_word' id='word_1_266' title='bbox 1848 526 1941 551; x_wconf 83' lang='lat' dir='ltr'>tanta</span> <span class='ocrx_word' id='word_1_267' title='bbox 1960 519 2138 555; x_wconf 83' lang='lat' dir='ltr'>instancia,</span> <span class='ocrx_word' id='word_1_268' title='bbox 2155 519 2219 551; x_wconf 84' lang='lat' dir='ltr'>che</span> 
     </span>
     <span class='ocr_line' id='line_1_56' title="bbox 1383 571 2220 617; baseline -0.001 -13"><span class='ocrx_word' id='word_1_269' title='bbox 1383 574 1405 604; x_wconf 92' lang='lat' dir='ltr'>’l</span> <span class='ocrx_word' id='word_1_270' title='bbox 1430 580 1524 616; x_wconf 77' lang='lat' dir='ltr'>terco</span> <span class='ocrx_word' id='word_1_271' title='bbox 1548 574 1582 606; x_wconf 90' lang='lat' dir='ltr'>di</span> <span class='ocrx_word' id='word_1_272' title='bbox 1607 574 1705 617; x_wconf 90' lang='lat' dir='ltr'>quilli</span> <span class='ocrx_word' id='word_1_273' title='bbox 1729 574 1786 606; x_wconf 88' lang='lat' dir='ltr'>del</span> <span class='ocrx_word' id='word_1_274' title='bbox 1811 573 1951 604; x_wconf 85' lang='lat' dir='ltr'>castello</span> <span class='ocrx_word' id='word_1_275' title='bbox 1975 571 2082 603; x_wconf 74' lang='lat' dir='ltr'>rende</span> <span class='ocrx_word' id='word_1_276' title='bbox 2106 572 2131 603; x_wconf 88' lang='lat' dir='ltr'>si</span> <span class='ocrx_word' id='word_1_277' title='bbox 2157 583 2175 602; x_wconf 86' lang='lat' dir='ltr'>e</span> <span class='ocrx_word' id='word_1_278' title='bbox 2199 572 2220 603; x_wconf 91' lang='lat' dir='ltr'>’l</span> 
     </span>
     <span class='ocr_line' id='line_1_57' title="bbox 1384 626 2221 670; baseline -0.005 -11"><span class='ocrx_word' id='word_1_279' title='bbox 1384 629 1537 660; x_wconf 89' lang='lat' dir='ltr'>castello.</span> <span class='ocrx_word' id='word_1_280' title='bbox 1572 628 1613 659; x_wconf 78' lang='lat' dir='ltr'>El</span> <span class='ocrx_word' id='word_1_281' title='bbox 1631 628 1710 670; x_wconf 85' lang='lat' dir='ltr'>qual</span> <span class='ocrx_word' id='word_1_282' title='bbox 1729 627 1833 669; x_wconf 80' lang='lat' dir='ltr'>luogo</span> <span class='ocrx_word' id='word_1_283' title='bbox 1850 626 2005 656; x_wconf 85' lang='lat' dir='ltr'>rendudo</span> <span class='ocrx_word' id='word_1_284' title='bbox 2024 631 2058 656; x_wconf 86' lang='lat' dir='ltr'>et</span> <span class='ocrx_word' id='word_1_285' title='bbox 2074 632 2170 666; x_wconf 80' lang='lat' dir='ltr'>posto</span> <span class='ocrx_word' id='word_1_286' title='bbox 2188 626 2221 656; x_wconf 88' lang='lat' dir='ltr'>in</span> 
     </span>
    </p>
   </div>
   <div class='ocr_carea' id='block_1_17' title="bbox 1349 679 2223 723">
    <p class='ocr_par' dir='ltr' id='par_1_17' title="bbox 1349 679 2223 723">
     <span class='ocr_line' id='line_1_58' title="bbox 1349 679 2223 723; baseline -0.003 -11"><span class='ocrx_word' id='word_1_287' title='bbox 1349 717 1350 720; x_wconf 13' lang='grc' dir='ltr'><strong>Ἰ</strong></span> <span class='ocrx_word' id='word_1_288' title='bbox 1384 682 1526 722; x_wconf 85' lang='lat' dir='ltr'>guarda,</span> <span class='ocrx_word' id='word_1_289' title='bbox 1545 680 1656 712; x_wconf 88' lang='lat' dir='ltr'>subito</span> <span class='ocrx_word' id='word_1_290' title='bbox 1676 681 1708 712; x_wconf 93' lang='lat' dir='ltr'>la</span> <span class='ocrx_word' id='word_1_291' title='bbox 1727 687 1828 723; x_wconf 86' lang='lat' dir='ltr'>gente</span> <span class='ocrx_word' id='word_1_292' title='bbox 1849 681 1905 711; x_wconf 91' lang='lat' dir='ltr'>del</span> <span class='ocrx_word' id='word_1_293' title='bbox 1923 679 2017 710; x_wconf 88' lang='lat' dir='ltr'>dicto</span> <span class='ocrx_word' id='word_1_294' title='bbox 2035 679 2223 721; x_wconf 79' lang='lat' dir='ltr'>magnifico</span> 
     </span>
    </p>
   </div>
   <div class='ocr_carea' id='block_1_18' title="bbox 1385 734 2231 1249">
    <p class='ocr_par' dir='ltr' id='par_1_18' title="bbox 1385 734 2231 1249">
     <span class='ocr_line' id='line_1_59' title="bbox 1385 734 2226 777; baseline -0.004 -12"><span class='ocrx_word' id='word_1_295' title='bbox 1385 734 1502 777; x_wconf 85' lang='lat' dir='ltr'>signor</span> <span class='ocrx_word' id='word_1_296' title='bbox 1512 734 1637 765; x_wconf 87' lang='lat' dir='ltr'>mesier</span> <span class='ocrx_word' id='word_1_297' title='bbox 1651 735 1844 766; x_wconf 87' lang='lat' dir='ltr'>Francesco</span> <span class='ocrx_word' id='word_1_298' title='bbox 1858 734 1950 764; x_wconf 81' lang='lat' dir='ltr'>ando</span> <span class='ocrx_word' id='word_1_299' title='bbox 1964 744 1983 763; x_wconf 87' lang='lat' dir='ltr'>a</span> <span class='ocrx_word' id='word_1_300' title='bbox 1995 738 2120 763; x_wconf 79' lang='lat' dir='ltr'>metter</span> <span class='ocrx_word' id='word_1_301' title='bbox 2135 742 2226 763; x_wconf 90' lang='lat' dir='ltr'>cam-</span> 
     </span>
     <span class='ocr_line' id='line_1_60' title="bbox 1385 785 2225 828; baseline -0.004 -10"><span class='ocrx_word' id='word_1_302' title='bbox 1385 798 1430 828; x_wconf 85' lang='lat' dir='ltr'>po</span> <span class='ocrx_word' id='word_1_303' title='bbox 1454 788 1498 818; x_wconf 90' lang='lat' dir='ltr'>ad</span> <span class='ocrx_word' id='word_1_304' title='bbox 1521 798 1568 818; x_wconf 90' lang='lat' dir='ltr'>un</span> <span class='ocrx_word' id='word_1_305' title='bbox 1587 787 1674 818; x_wconf 86' lang='lat' dir='ltr'>altro</span> <span class='ocrx_word' id='word_1_306' title='bbox 1692 787 1795 818; x_wconf 87' lang='lat' dir='ltr'>castel</span> <span class='ocrx_word' id='word_1_307' title='bbox 1814 787 1868 818; x_wconf 90' lang='lat' dir='ltr'>del</span> <span class='ocrx_word' id='word_1_308' title='bbox 1888 786 1982 817; x_wconf 87' lang='lat' dir='ltr'>dicto</span> <span class='ocrx_word' id='word_1_309' title='bbox 2002 786 2114 822; x_wconf 80' lang='lat' dir='ltr'>b&#39;iaso,</span> <span class='ocrx_word' id='word_1_310' title='bbox 2131 785 2225 816; x_wconf 85' lang='lat' dir='ltr'>chia-</span> 
     </span>
     <span class='ocr_line' id='line_1_61' title="bbox 1386 838 2225 877; baseline -0.004 -6"><span class='ocrx_word' id='word_1_311' title='bbox 1386 841 1488 872; x_wconf 88' lang='lat' dir='ltr'>mado</span> <span class='ocrx_word' id='word_1_312' title='bbox 1513 841 1609 877; x_wconf 85' lang='lat' dir='ltr'>Ivan,</span> <span class='ocrx_word' id='word_1_313' title='bbox 1628 846 1661 872; x_wconf 90' lang='lat' dir='ltr'>et</span> <span class='ocrx_word' id='word_1_314' title='bbox 1675 840 1698 871; x_wconf 86' lang='lat' dir='ltr'>li</span> <span class='ocrx_word' id='word_1_315' title='bbox 1715 840 1838 877; x_wconf 88' lang='lat' dir='ltr'>subito,</span> <span class='ocrx_word' id='word_1_316' title='bbox 1855 846 1957 871; x_wconf 82' lang='lat' dir='ltr'>venta</span> <span class='ocrx_word' id='word_1_317' title='bbox 1973 850 2037 870; x_wconf 82' lang='lat' dir='ltr'>una</span> <span class='ocrx_word' id='word_1_318' title='bbox 2055 838 2166 870; x_wconf 86' lang='lat' dir='ltr'>bastia</span> <span class='ocrx_word' id='word_1_319' title='bbox 2182 838 2225 869; x_wconf 88' lang='lat' dir='ltr'>de</span> 
     </span>
     <span class='ocr_line' id='line_1_62' title="bbox 1388 891 2227 937; baseline -0.004 -13"><span class='ocrx_word' id='word_1_320' title='bbox 1388 894 1502 937; x_wconf 82' lang='lat' dir='ltr'>legno,</span> <span class='ocrx_word' id='word_1_321' title='bbox 1525 895 1686 925; x_wconf 82' lang='lat' dir='ltr'>mectuda</span> <span class='ocrx_word' id='word_1_322' title='bbox 1710 905 1729 924; x_wconf 89' lang='lat' dir='ltr'>a</span> <span class='ocrx_word' id='word_1_323' title='bbox 1756 903 1872 934; x_wconf 88' lang='lat' dir='ltr'>presso</span> <span class='ocrx_word' id='word_1_324' title='bbox 1897 893 1927 924; x_wconf 89' lang='lat' dir='ltr'>el</span> <span class='ocrx_word' id='word_1_325' title='bbox 1953 891 2048 923; x_wconf 83' lang='lat' dir='ltr'>dicto</span> <span class='ocrx_word' id='word_1_326' title='bbox 2073 891 2227 928; x_wconf 86' lang='lat' dir='ltr'>castello,</span> 
     </span>
     <span class='ocr_line' id='line_1_63' title="bbox 1389 944 2226 980; baseline -0.006 -2"><span class='ocrx_word' id='word_1_327' title='bbox 1389 947 1419 978; x_wconf 84' lang='lat' dir='ltr'>o’</span> <span class='ocrx_word' id='word_1_328' title='bbox 1444 947 1508 978; x_wconf 87' lang='lat' dir='ltr'>che</span> <span class='ocrx_word' id='word_1_329' title='bbox 1526 946 1638 978; x_wconf 83' lang='lat' dir='ltr'>Biasio</span> <span class='ocrx_word' id='word_1_330' title='bbox 1663 948 1771 978; x_wconf 78' lang='lat' dir='ltr'>havea</span> <span class='ocrx_word' id='word_1_331' title='bbox 1789 947 1882 977; x_wconf 76' lang='lat' dir='ltr'>facto</span> <span class='ocrx_word' id='word_1_332' title='bbox 1899 945 1997 976; x_wconf 88' lang='lat' dir='ltr'>stalle</span> <span class='ocrx_word' id='word_1_333' title='bbox 2015 945 2058 975; x_wconf 86' lang='lat' dir='ltr'>da</span> <span class='ocrx_word' id='word_1_334' title='bbox 2075 944 2226 980; x_wconf 88' lang='lat' dir='ltr'>animali,</span> 
     </span>
     <span class='ocr_line' id='line_1_64' title="bbox 1389 997 2228 1041; baseline -0.005 -10"><span class='ocrx_word' id='word_1_335' title='bbox 1389 1000 1447 1031; x_wconf 86' lang='lat' dir='ltr'>elli</span> <span class='ocrx_word' id='word_1_336' title='bbox 1470 1011 1506 1032; x_wconf 89' lang='lat' dir='ltr'>se</span> <span class='ocrx_word' id='word_1_337' title='bbox 1531 1011 1613 1041; x_wconf 87' lang='lat' dir='ltr'>pose</span> <span class='ocrx_word' id='word_1_338' title='bbox 1637 1000 1673 1030; x_wconf 86' lang='lat' dir='ltr'>in</span> <span class='ocrx_word' id='word_1_339' title='bbox 1696 1001 1810 1031; x_wconf 87' lang='lat' dir='ltr'>animo</span> <span class='ocrx_word' id='word_1_340' title='bbox 1834 1000 1876 1031; x_wconf 85' lang='lat' dir='ltr'>de</span> <span class='ocrx_word' id='word_1_341' title='bbox 1902 998 2054 1030; x_wconf 82' lang='lat' dir='ltr'>assediar</span> <span class='ocrx_word' id='word_1_342' title='bbox 2077 997 2109 1029; x_wconf 88' lang='lat' dir='ltr'>el</span> <span class='ocrx_word' id='word_1_343' title='bbox 2132 997 2228 1028; x_wconf 85' lang='lat' dir='ltr'>dicto</span> 
     </span>
     <span class='ocr_line' id='line_1_65' title="bbox 1390 1050 2228 1095; baseline -0.006 -10"><span class='ocrx_word' id='word_1_344' title='bbox 1390 1054 1534 1085; x_wconf 87' lang='lat' dir='ltr'>castello</span> <span class='ocrx_word' id='word_1_345' title='bbox 1559 1065 1621 1095; x_wconf 86' lang='lat' dir='ltr'>per</span> <span class='ocrx_word' id='word_1_346' title='bbox 1645 1053 1675 1084; x_wconf 89' lang='lat' dir='ltr'>la</span> <span class='ocrx_word' id='word_1_347' title='bbox 1699 1053 1858 1088; x_wconf 70' lang='lat' dir='ltr'>caresfia,</span> <span class='ocrx_word' id='word_1_348' title='bbox 1878 1053 1942 1083; x_wconf 87' lang='lat' dir='ltr'>che</span> <span class='ocrx_word' id='word_1_349' title='bbox 1961 1061 2019 1083; x_wconf 87' lang='lat' dir='ltr'>era</span> <span class='ocrx_word' id='word_1_350' title='bbox 2036 1051 2168 1088; x_wconf 83' lang='lat' dir='ltr'>dentre,</span> <span class='ocrx_word' id='word_1_351' title='bbox 2186 1050 2228 1081; x_wconf 88' lang='lat' dir='ltr'>de</span> 
     </span>
     <span class='ocr_line' id='line_1_66' title="bbox 1390 1103 2230 1147; baseline -0.005 -9"><span class='ocrx_word' id='word_1_352' title='bbox 1390 1107 1570 1144; x_wconf 82' lang='lat' dir='ltr'>victoarie‚</span> <span class='ocrx_word' id='word_1_353' title='bbox 1595 1117 1693 1139; x_wconf 90' lang='lat' dir='ltr'>como</span> <span class='ocrx_word' id='word_1_354' title='bbox 1717 1106 1777 1138; x_wconf 86' lang='lat' dir='ltr'>elli</span> <span class='ocrx_word' id='word_1_355' title='bbox 1800 1107 1910 1137; x_wconf 85' lang='lat' dir='ltr'>havea</span> <span class='ocrx_word' id='word_1_356' title='bbox 1936 1105 2021 1147; x_wconf 76' lang='lat' dir='ltr'>sapu</span> <span class='ocrx_word' id='word_1_357' title='bbox 2045 1104 2089 1135; x_wconf 91' lang='lat' dir='ltr'>da</span> <span class='ocrx_word' id='word_1_358' title='bbox 2113 1103 2230 1147; x_wconf 84' lang='lat' dir='ltr'>alguni</span> 
     </span>
     <span class='ocr_line' id='line_1_67' title="bbox 1391 1156 2231 1192; baseline -0.004 -2"><span class='ocrx_word' id='word_1_359' title='bbox 1391 1159 1483 1190; x_wconf 85' lang='lat' dir='ltr'>della</span> <span class='ocrx_word' id='word_1_360' title='bbox 1500 1159 1618 1192; x_wconf 84' lang='lat' dir='ltr'>bastia.</span> <span class='ocrx_word' id='word_1_361' title='bbox 1652 1160 1694 1191; x_wconf 82' lang='lat' dir='ltr'>Et</span> <span class='ocrx_word' id='word_1_362' title='bbox 1711 1171 1771 1192; x_wconf 86' lang='lat' dir='ltr'>era</span> <span class='ocrx_word' id='word_1_363' title='bbox 1786 1159 1819 1190; x_wconf 89' lang='lat' dir='ltr'>in</span> <span class='ocrx_word' id='word_1_364' title='bbox 1836 1159 1869 1190; x_wconf 94' lang='lat' dir='ltr'>lo</span> <span class='ocrx_word' id='word_1_365' title='bbox 1882 1158 1977 1190; x_wconf 87' lang='lat' dir='ltr'>dicto</span> <span class='ocrx_word' id='word_1_366' title='bbox 1995 1157 2136 1189; x_wconf 86' lang='lat' dir='ltr'>castello</span> <span class='ocrx_word' id='word_1_367' title='bbox 2154 1156 2231 1188; x_wconf 92' lang='lat' dir='ltr'>Bia-</span> 
     </span>
     <span class='ocr_line' id='line_1_68' title="bbox 1390 1210 2231 1249; baseline -0.001 -7"><span class='ocrx_word' id='word_1_368' title='bbox 1390 1211 1454 1249; x_wconf 84' lang='lat' dir='ltr'>sio‚</span> <span class='ocrx_word' id='word_1_369' title='bbox 1478 1212 1511 1242; x_wconf 90' lang='lat' dir='ltr'>la</span> <span class='ocrx_word' id='word_1_370' title='bbox 1535 1221 1642 1248; x_wconf 87' lang='lat' dir='ltr'>mare,</span> <span class='ocrx_word' id='word_1_371' title='bbox 1661 1212 1695 1242; x_wconf 90' lang='lat' dir='ltr'>la</span> <span class='ocrx_word' id='word_1_372' title='bbox 1710 1211 1839 1243; x_wconf 88' lang='lat' dir='ltr'>moiere</span> <span class='ocrx_word' id='word_1_373' title='bbox 1857 1211 1888 1242; x_wconf 92' lang='lat' dir='ltr'>el</span> <span class='ocrx_word' id='word_1_374' title='bbox 1905 1211 2055 1243; x_wconf 76' lang='lat' dir='ltr'>fradello</span> <span class='ocrx_word' id='word_1_375' title='bbox 2072 1216 2105 1242; x_wconf 88' lang='lat' dir='ltr'>et</span> <span class='ocrx_word' id='word_1_376' title='bbox 2122 1211 2130 1241; x_wconf 95' lang='lat' dir='ltr'>i</span> <span class='ocrx_word' id='word_1_377' title='bbox 2150 1210 2231 1249; x_wconf 83' lang='lat' dir='ltr'>fioli,</span> 
     </span>
    </p>
   </div>
   <div class='ocr_carea' id='block_1_19' title="bbox 1392 1257 2232 1349">
    <p class='ocr_par' dir='ltr' id='par_1_19' title="bbox 1392 1257 2232 1349">
     <span class='ocr_line' id='line_1_69' title="bbox 1392 1257 2232 1305; baseline 0 -11"><span class='ocrx_word' id='word_1_378' title='bbox 1392 1274 1456 1305; x_wconf 87' lang='lat' dir='ltr'>pur</span> <span class='ocrx_word' id='word_1_379' title='bbox 1480 1265 1694 1305; x_wconf 88' lang='lat' dir='ltr'>aspectando</span> <span class='ocrx_word' id='word_1_380' title='bbox 1719 1263 1866 1296; x_wconf 88' lang='lat' dir='ltr'>l’alturio</span> <span class='ocrx_word' id='word_1_381' title='bbox 1893 1265 1948 1296; x_wconf 85' lang='lat' dir='ltr'>del</span> <span class='ocrx_word' id='word_1_382' title='bbox 1969 1265 2063 1295; x_wconf 84' lang='lat' dir='ltr'>dicto</span> <span class='ocrx_word' id='word_1_383' title='bbox 2080 1257 2164 1295; x_wconf 84' lang='lat' dir='ltr'>duse</span> <span class='ocrx_word' id='word_1_384' title='bbox 2188 1263 2232 1294; x_wconf 93' lang='lat' dir='ltr'>de</span> 
     </span>
     <span class='ocr_line' id='line_1_70' title="bbox 1393 1316 1563 1349; baseline 0.006 -1"><span class='ocrx_word' id='word_1_385' title='bbox 1393 1316 1563 1349; x_wconf 87' lang='lat' dir='ltr'>Ostorico.</span> 
     </span>
    </p>
   </div>
   <div class='ocr_carea' id='block_1_20' title="bbox 1395 1423 2276 2746">
    <p class='ocr_par' dir='ltr' id='par_1_20' title="bbox 1395 1423 2276 2746">
     <span class='ocr_line' id='line_1_71' title="bbox 1483 1423 2236 1467; baseline 0.001 -13"><span class='ocrx_word' id='word_1_386' title='bbox 1483 1423 1556 1455; x_wconf 80' lang='lat'>259,</span> <span class='ocrx_word' id='word_1_387' title='bbox 1581 1443 1620 1446; x_wconf 97' lang='lat'><strong>—</strong></span> <span class='ocrx_word' id='word_1_388' title='bbox 1646 1425 1698 1456; x_wconf 89' lang='lat' dir='ltr'>En</span> <span class='ocrx_word' id='word_1_389' title='bbox 1724 1431 1844 1467; x_wconf 87' lang='lat' dir='ltr'>questo</span> <span class='ocrx_word' id='word_1_390' title='bbox 1869 1435 1966 1467; x_wconf 76' lang='lat' dir='ltr'>meco</span> <span class='ocrx_word' id='word_1_391' title='bbox 1991 1425 2022 1455; x_wconf 88' lang='lat' dir='ltr'>el</span> <span class='ocrx_word' id='word_1_392' title='bbox 2048 1425 2132 1455; x_wconf 86' lang='lat' dir='ltr'>duse</span> <span class='ocrx_word' id='word_1_393' title='bbox 2163 1423 2236 1455; x_wconf 89' lang='lat' dir='ltr'>Ro-</span> 
     </span>
     <span class='ocr_line' id='line_1_72' title="bbox 1395 1476 2237 1519; baseline 0.001 -13"><span class='ocrx_word' id='word_1_394' title='bbox 1395 1476 1492 1507; x_wconf 80' lang='lat' dir='ltr'>dolfo</span> <span class='ocrx_word' id='word_1_395' title='bbox 1517 1488 1618 1519; x_wconf 75' lang='lat' dir='ltr'>casea</span> <span class='ocrx_word' id='word_1_396' title='bbox 1642 1479 1799 1510; x_wconf 74' lang='lat' dir='ltr'>enfermo</span> <span class='ocrx_word' id='word_1_397' title='bbox 1824 1489 1843 1509; x_wconf 93' lang='lat' dir='ltr'>a</span> <span class='ocrx_word' id='word_1_398' title='bbox 1867 1478 1987 1518; x_wconf 84' lang='lat' dir='ltr'>Milan,</span> <span class='ocrx_word' id='word_1_399' title='bbox 2014 1484 2047 1509; x_wconf 90' lang='lat' dir='ltr'>et</span> <span class='ocrx_word' id='word_1_400' title='bbox 2071 1478 2097 1508; x_wconf 87' lang='lat' dir='ltr'>si</span> <span class='ocrx_word' id='word_1_401' title='bbox 2129 1478 2194 1508; x_wconf 91' lang='lat' dir='ltr'>che</span> <span class='ocrx_word' id='word_1_402' title='bbox 2226 1476 2237 1507; x_wconf 92' lang='lat' dir='ltr'>i</span> 
     </span>
     <span class='ocr_line' id='line_1_73' title="bbox 1395 1530 2238 1572; baseline 0 -12"><span class='ocrx_word' id='word_1_403' title='bbox 1395 1530 1529 1561; x_wconf 89' lang='lat' dir='ltr'>miedisi</span> <span class='ocrx_word' id='word_1_404' title='bbox 1553 1540 1704 1571; x_wconf 85' lang='lat' dir='ltr'>pensava</span> <span class='ocrx_word' id='word_1_405' title='bbox 1727 1531 1785 1572; x_wconf 75' lang='lat' dir='ltr'>piu</span> <span class='ocrx_word' id='word_1_406' title='bbox 1811 1531 1853 1562; x_wconf 88' lang='lat' dir='ltr'>de</span> <span class='ocrx_word' id='word_1_407' title='bbox 1877 1541 1937 1562; x_wconf 87' lang='lat' dir='ltr'>soa</span> <span class='ocrx_word' id='word_1_408' title='bbox 1961 1537 2070 1562; x_wconf 88' lang='lat' dir='ltr'>morte</span> <span class='ocrx_word' id='word_1_409' title='bbox 2096 1531 2162 1561; x_wconf 88' lang='lat' dir='ltr'>cha</span> <span class='ocrx_word' id='word_1_410' title='bbox 2194 1530 2238 1561; x_wconf 90' lang='lat' dir='ltr'>de</span> 
     </span>
     <span class='ocr_line' id='line_1_74' title="bbox 1395 1583 2237 1628; baseline 0.001 -15"><span class='ocrx_word' id='word_1_411' title='bbox 1395 1592 1454 1613; x_wconf 91' lang='lat' dir='ltr'>soa</span> <span class='ocrx_word' id='word_1_412' title='bbox 1478 1583 1558 1620; x_wconf 80' lang='lat' dir='ltr'>vita,</span> <span class='ocrx_word' id='word_1_413' title='bbox 1583 1583 1675 1614; x_wconf 86' lang='lat' dir='ltr'>della</span> <span class='ocrx_word' id='word_1_414' title='bbox 1700 1585 1779 1626; x_wconf 86' lang='lat' dir='ltr'>qual</span> <span class='ocrx_word' id='word_1_415' title='bbox 1811 1594 1892 1616; x_wconf 86' lang='lat' dir='ltr'>cosa</span> <span class='ocrx_word' id='word_1_416' title='bbox 1919 1585 2042 1615; x_wconf 87' lang='lat' dir='ltr'>mesier</span> <span class='ocrx_word' id='word_1_417' title='bbox 2067 1583 2237 1628; x_wconf 69' lang='lat' dir='ltr'>Bernabo,</span> 
     </span>
     <span class='ocr_line' id='line_1_75' title="bbox 1396 1636 2276 1681; baseline 0.002 -14"><span class='ocrx_word' id='word_1_418' title='bbox 1396 1646 1497 1668; x_wconf 90' lang='lat' dir='ltr'>como</span> <span class='ocrx_word' id='word_1_419' title='bbox 1521 1636 1590 1668; x_wconf 88' lang='lat' dir='ltr'>ello</span> <span class='ocrx_word' id='word_1_420' title='bbox 1614 1644 1786 1669; x_wconf 84' lang='lat' dir='ltr'>mostrava</span> <span class='ocrx_word' id='word_1_421' title='bbox 1809 1649 1872 1680; x_wconf 84' lang='lat' dir='ltr'>per</span> <span class='ocrx_word' id='word_1_422' title='bbox 1896 1639 1905 1668; x_wconf 89' lang='lat' dir='ltr'>i</span> <span class='ocrx_word' id='word_1_423' title='bbox 1930 1639 2019 1681; x_wconf 82' lang='lat' dir='ltr'>signi</span> <span class='ocrx_word' id='word_1_424' title='bbox 2051 1639 2094 1669; x_wconf 85' lang='lat' dir='ltr'>de</span> <span class='ocrx_word' id='word_1_425' title='bbox 2127 1639 2239 1675; x_wconf 76' lang='lat' dir='ltr'>fuora,</span> <span class='ocrx_word' id='word_1_426' title='bbox 2268 1664 2276 1669; x_wconf 89' lang='grc'><em>,</em></span> 
     </span>
     <span class='ocr_line' id='line_1_76' title="bbox 1396 1691 2240 1732; baseline 0 -10"><span class='ocrx_word' id='word_1_427' title='bbox 1396 1702 1455 1722; x_wconf 89' lang='lat' dir='ltr'>era</span> <span class='ocrx_word' id='word_1_428' title='bbox 1471 1691 1576 1723; x_wconf 85' lang='lat' dir='ltr'>molto</span> <span class='ocrx_word' id='word_1_429' title='bbox 1594 1692 1744 1723; x_wconf 87' lang='lat' dir='ltr'>dolente.</span> <span class='ocrx_word' id='word_1_430' title='bbox 1781 1691 1824 1722; x_wconf 88' lang='lat' dir='ltr'>Et</span> <span class='ocrx_word' id='word_1_431' title='bbox 1841 1702 1903 1732; x_wconf 93' lang='lat' dir='ltr'>pur</span> <span class='ocrx_word' id='word_1_432' title='bbox 1922 1692 2037 1723; x_wconf 80' lang='lat' dir='ltr'>Biasio</span> <span class='ocrx_word' id='word_1_433' title='bbox 2054 1697 2240 1732; x_wconf 82' lang='lat' dir='ltr'>aspectava</span> 
     </span>
     <span class='ocr_line' id='line_1_77' title="bbox 1398 1743 2241 1782; baseline -0.002 -6"><span class='ocrx_word' id='word_1_434' title='bbox 1398 1745 1556 1782; x_wconf 80' lang='lat' dir='ltr'>l&#39;alturio,</span> <span class='ocrx_word' id='word_1_435' title='bbox 1581 1746 1644 1776; x_wconf 86' lang='lat' dir='ltr'>che</span> <span class='ocrx_word' id='word_1_436' title='bbox 1670 1745 1737 1776; x_wconf 92' lang='lat' dir='ltr'>ello</span> <span class='ocrx_word' id='word_1_437' title='bbox 1761 1744 1872 1776; x_wconf 88' lang='lat' dir='ltr'>havea</span> <span class='ocrx_word' id='word_1_438' title='bbox 1899 1744 2026 1775; x_wconf 78' lang='lat' dir='ltr'>manda</span> <span class='ocrx_word' id='word_1_439' title='bbox 2049 1755 2069 1775; x_wconf 94' lang='lat' dir='ltr'>a</span> <span class='ocrx_word' id='word_1_440' title='bbox 2100 1743 2241 1776; x_wconf 84' lang='lat' dir='ltr'>doman-</span> 
     </span>
     <span class='ocr_line' id='line_1_78' title="bbox 1400 1798 2241 1840; baseline -0.001 -10"><span class='ocrx_word' id='word_1_441' title='bbox 1400 1799 1462 1830; x_wconf 90' lang='lat' dir='ltr'>dar</span> <span class='ocrx_word' id='word_1_442' title='bbox 1486 1799 1517 1829; x_wconf 91' lang='lat' dir='ltr'>al</span> <span class='ocrx_word' id='word_1_443' title='bbox 1542 1798 1636 1830; x_wconf 82' lang='lat' dir='ltr'>dicto</span> <span class='ocrx_word' id='word_1_444' title='bbox 1660 1799 1756 1835; x_wconf 86' lang='lat' dir='ltr'>duse,</span> <span class='ocrx_word' id='word_1_445' title='bbox 1773 1798 1964 1840; x_wconf 81' lang='lat' dir='ltr'>fasandoge</span> <span class='ocrx_word' id='word_1_446' title='bbox 1983 1808 2103 1829; x_wconf 86' lang='lat' dir='ltr'>asaver</span> <span class='ocrx_word' id='word_1_447' title='bbox 2118 1798 2151 1829; x_wconf 87' lang='lat' dir='ltr'>iu</span> <span class='ocrx_word' id='word_1_448' title='bbox 2177 1798 2241 1830; x_wconf 88' lang='lat' dir='ltr'>che</span> 
     </span>
     <span class='ocr_line' id='line_1_79' title="bbox 1400 1850 2242 1892; baseline -0.001 -9"><span class='ocrx_word' id='word_1_449' title='bbox 1400 1862 1480 1884; x_wconf 83' lang='lat' dir='ltr'>caso</span> <span class='ocrx_word' id='word_1_450' title='bbox 1505 1851 1572 1882; x_wconf 89' lang='lat' dir='ltr'>ello</span> <span class='ocrx_word' id='word_1_451' title='bbox 1596 1862 1665 1889; x_wconf 88' lang='lat' dir='ltr'>era,</span> <span class='ocrx_word' id='word_1_452' title='bbox 1681 1851 1711 1882; x_wconf 87' lang='lat' dir='ltr'>al</span> <span class='ocrx_word' id='word_1_453' title='bbox 1730 1851 1806 1892; x_wconf 87' lang='lat' dir='ltr'>qual</span> <span class='ocrx_word' id='word_1_454' title='bbox 1825 1850 1855 1882; x_wconf 90' lang='lat' dir='ltr'>el</span> <span class='ocrx_word' id='word_1_455' title='bbox 1876 1852 1958 1882; x_wconf 81' lang='lat' dir='ltr'>cluse</span> <span class='ocrx_word' id='word_1_456' title='bbox 1979 1857 2191 1892; x_wconf 84' lang='lat' dir='ltr'>promectea‚</span> <span class='ocrx_word' id='word_1_457' title='bbox 2208 1856 2242 1882; x_wconf 89' lang='lat' dir='ltr'>et</span> 
     </span>
     <span class='ocr_line' id='line_1_80' title="bbox 1402 1903 2241 1947; baseline -0.002 -10"><span class='ocrx_word' id='word_1_458' title='bbox 1402 1903 1472 1937; x_wconf 88' lang='lat' dir='ltr'>cosi</span> <span class='ocrx_word' id='word_1_459' title='bbox 1497 1905 1605 1936; x_wconf 82' lang='lat' dir='ltr'>havea</span> <span class='ocrx_word' id='word_1_460' title='bbox 1629 1904 1728 1947; x_wconf 73' lang='lat' dir='ltr'>nanc]</span> <span class='ocrx_word' id='word_1_461' title='bbox 1755 1905 1814 1945; x_wconf 79' lang='lat' dir='ltr'>piu</span> <span class='ocrx_word' id='word_1_462' title='bbox 1839 1905 1931 1935; x_wconf 85' lang='lat' dir='ltr'>volte</span> <span class='ocrx_word' id='word_1_463' title='bbox 1956 1915 2144 1945; x_wconf 87' lang='lat' dir='ltr'>promesso,</span> <span class='ocrx_word' id='word_1_464' title='bbox 2177 1905 2241 1935; x_wconf 91' lang='lat' dir='ltr'>che</span> 
     </span>
     <span class='ocr_line' id='line_1_81' title="bbox 1402 1957 2243 2000; baseline -0.001 -11"><span class='ocrx_word' id='word_1_465' title='bbox 1402 1958 1469 1990; x_wconf 86' lang='lat' dir='ltr'>ello</span> <span class='ocrx_word' id='word_1_466' title='bbox 1492 1958 1672 2000; x_wconf 86' lang='lat' dir='ltr'>vignirave</span> <span class='ocrx_word' id='word_1_467' title='bbox 1697 1969 1715 1989; x_wconf 91' lang='lat' dir='ltr'>a</span> <span class='ocrx_word' id='word_1_468' title='bbox 1741 1957 1855 1999; x_wconf 84' lang='lat' dir='ltr'>quelle</span> <span class='ocrx_word' id='word_1_469' title='bbox 1879 1964 1974 1998; x_wconf 85' lang='lat' dir='ltr'>parte</span> <span class='ocrx_word' id='word_1_470' title='bbox 1992 1968 2057 1989; x_wconf 89' lang='lat' dir='ltr'>con</span> <span class='ocrx_word' id='word_1_471' title='bbox 2073 1964 2191 2000; x_wconf 84' lang='lat' dir='ltr'>gente;</span> <span class='ocrx_word' id='word_1_472' title='bbox 2210 1963 2243 1988; x_wconf 89' lang='lat' dir='ltr'>et</span> 
     </span>
     <span class='ocr_line' id='line_1_82' title="bbox 1402 2010 2244 2053; baseline 0 -11"><span class='ocrx_word' id='word_1_473' title='bbox 1402 2010 1475 2042; x_wconf 85' lang='lat' dir='ltr'>cosi</span> <span class='ocrx_word' id='word_1_474' title='bbox 1500 2011 1615 2053; x_wconf 86' lang='lat' dir='ltr'>quella</span> <span class='ocrx_word' id='word_1_475' title='bbox 1638 2021 1807 2052; x_wconf 81' lang='lat' dir='ltr'>speranca</span> <span class='ocrx_word' id='word_1_476' title='bbox 1831 2011 1873 2041; x_wconf 88' lang='lat' dir='ltr'>de</span> <span class='ocrx_word' id='word_1_477' title='bbox 1899 2011 1933 2040; x_wconf 85' lang='lat' dir='ltr'>di</span> <span class='ocrx_word' id='word_1_478' title='bbox 1958 2011 1990 2041; x_wconf 79' lang='lat' dir='ltr'>iu</span> <span class='ocrx_word' id='word_1_479' title='bbox 2016 2011 2050 2041; x_wconf 90' lang='lat' dir='ltr'>di</span> <span class='ocrx_word' id='word_1_480' title='bbox 2075 2010 2244 2053; x_wconf 82' lang='lat' dir='ltr'>l’ingana-</span> 
     </span>
     <span class='ocr_line' id='line_1_83' title="bbox 1403 2063 2244 2105; baseline -0.002 -10"><span class='ocrx_word' id='word_1_481' title='bbox 1403 2076 1455 2096; x_wconf 85' lang='lat' dir='ltr'>va.</span> <span class='ocrx_word' id='word_1_482' title='bbox 1489 2065 1547 2096; x_wconf 86' lang='lat' dir='ltr'>Ma</span> <span class='ocrx_word' id='word_1_483' title='bbox 1564 2075 1627 2105; x_wconf 90' lang='lat' dir='ltr'>pur</span> <span class='ocrx_word' id='word_1_484' title='bbox 1643 2063 1710 2094; x_wconf 81' lang='lat' dir='ltr'>alla</span> <span class='ocrx_word' id='word_1_485' title='bbox 1726 2064 1769 2095; x_wconf 87' lang='lat' dir='ltr'>fin</span> <span class='ocrx_word' id='word_1_486' title='bbox 1788 2065 1911 2095; x_wconf 88' lang='lat' dir='ltr'>mesier</span> <span class='ocrx_word' id='word_1_487' title='bbox 1928 2063 2087 2095; x_wconf 67' lang='lat' dir='ltr'>Bel-nabo</span> <span class='ocrx_word' id='word_1_488' title='bbox 2105 2064 2136 2094; x_wconf 85' lang='lat' dir='ltr'>ai</span> <span class='ocrx_word' id='word_1_489' title='bbox 2153 2063 2244 2105; x_wconf 86' lang='lat' dir='ltr'>prie-</span> 
     </span>
     <span class='ocr_line' id='line_1_84' title="bbox 1404 2117 2246 2161; baseline 0 -13"><span class='ocrx_word' id='word_1_490' title='bbox 1404 2117 1462 2161; x_wconf 81' lang='lat' dir='ltr'>ghi</span> <span class='ocrx_word' id='word_1_491' title='bbox 1488 2117 1544 2148; x_wconf 90' lang='lat' dir='ltr'>del</span> <span class='ocrx_word' id='word_1_492' title='bbox 1567 2117 1660 2148; x_wconf 91' lang='lat' dir='ltr'>dicto</span> <span class='ocrx_word' id='word_1_493' title='bbox 1685 2117 1768 2148; x_wconf 82' lang='lat' dir='ltr'>duse</span> <span class='ocrx_word' id='word_1_494' title='bbox 1800 2117 1925 2148; x_wconf 77' lang='lat' dir='ltr'>mando</span> <span class='ocrx_word' id='word_1_495' title='bbox 1959 2128 1977 2148; x_wconf 86' lang='lat' dir='ltr'>a</span> <span class='ocrx_word' id='word_1_496' title='bbox 2008 2117 2140 2148; x_wconf 87' lang='lat' dir='ltr'>Trento</span> <span class='ocrx_word' id='word_1_497' title='bbox 2173 2117 2246 2148; x_wconf 91' lang='lat' dir='ltr'>cin-</span> 
     </span>
     <span class='ocr_line' id='line_1_85' title="bbox 1405 2170 2248 2214; baseline -0.002 -11"><span class='ocrx_word' id='word_1_498' title='bbox 1405 2177 1577 2214; x_wconf 90' lang='lat' dir='ltr'>quecento</span> <span class='ocrx_word' id='word_1_499' title='bbox 1596 2171 1727 2202; x_wconf 89' lang='lat' dir='ltr'>homini</span> <span class='ocrx_word' id='word_1_500' title='bbox 1745 2170 1887 2207; x_wconf 87' lang='lat' dir='ltr'>armadi,</span> <span class='ocrx_word' id='word_1_501' title='bbox 1905 2171 1970 2202; x_wconf 88' lang='lat' dir='ltr'>che</span> <span class='ocrx_word' id='word_1_502' title='bbox 1987 2171 2133 2202; x_wconf 82' lang='lat' dir='ltr'>dovesse</span> <span class='ocrx_word' id='word_1_503' title='bbox 2149 2170 2248 2202; x_wconf 85' lang='lat' dir='ltr'>aidar</span> 
     </span>
     <span class='ocr_line' id='line_1_86' title="bbox 1406 2224 2245 2265; baseline -0.004 -8"><span class='ocrx_word' id='word_1_504' title='bbox 1406 2225 1436 2257; x_wconf 89' lang='lat' dir='ltr'>el</span> <span class='ocrx_word' id='word_1_505' title='bbox 1461 2225 1556 2257; x_wconf 88' lang='lat' dir='ltr'>dicto</span> <span class='ocrx_word' id='word_1_506' title='bbox 1582 2224 1694 2256; x_wconf 89' lang='lat' dir='ltr'>Biasio</span> <span class='ocrx_word' id='word_1_507' title='bbox 1719 2224 1896 2262; x_wconf 77' lang='lat' dir='ltr'>asediado,</span> <span class='ocrx_word' id='word_1_508' title='bbox 1920 2235 1937 2255; x_wconf 92' lang='lat' dir='ltr'>e</span> <span class='ocrx_word' id='word_1_509' title='bbox 1964 2224 2063 2265; x_wconf 77' lang='lat' dir='ltr'>passo</span> <span class='ocrx_word' id='word_1_510' title='bbox 2097 2224 2127 2255; x_wconf 88' lang='lat' dir='ltr'>le</span> <span class='ocrx_word' id='word_1_511' title='bbox 2152 2224 2245 2255; x_wconf 89' lang='lat' dir='ltr'>dicte</span> 
     </span>
     <span class='ocr_line' id='line_1_87' title="bbox 1405 2277 2246 2321; baseline -0.002 -12"><span class='ocrx_word' id='word_1_512' title='bbox 1405 2284 1507 2321; x_wconf 88' lang='lat' dir='ltr'>gente</span> <span class='ocrx_word' id='word_1_513' title='bbox 1533 2278 1626 2319; x_wconf 86' lang='lat' dir='ltr'>peri</span> <span class='ocrx_word' id='word_1_514' title='bbox 1654 2278 1749 2317; x_wconf 81' lang='lat' dir='ltr'>luogi</span> <span class='ocrx_word' id='word_1_515' title='bbox 1783 2278 1825 2308; x_wconf 89' lang='lat' dir='ltr'>de</span> <span class='ocrx_word' id='word_1_516' title='bbox 1857 2277 2073 2320; x_wconf 86' lang='lat' dir='ltr'>Cansignore</span> <span class='ocrx_word' id='word_1_517' title='bbox 2105 2282 2246 2318; x_wconf 85' lang='lat' dir='ltr'>sponta-</span> 
     </span>
     <span class='ocr_line' id='line_1_88' title="bbox 1406 2330 2248 2373; baseline -0.002 -10"><span class='ocrx_word' id='word_1_518' title='bbox 1406 2337 1564 2363; x_wconf 88' lang='lat' dir='ltr'>namente</span> <span class='ocrx_word' id='word_1_519' title='bbox 1591 2331 1636 2362; x_wconf 88' lang='lat' dir='ltr'>ad</span> <span class='ocrx_word' id='word_1_520' title='bbox 1669 2330 1726 2361; x_wconf 88' lang='lat' dir='ltr'>elli</span> <span class='ocrx_word' id='word_1_521' title='bbox 1758 2331 1924 2363; x_wconf 89' lang='lat' dir='ltr'>concessi.</span> <span class='ocrx_word' id='word_1_522' title='bbox 1971 2331 2021 2362; x_wconf 83' lang='lat' dir='ltr'>La</span> <span class='ocrx_word' id='word_1_523' title='bbox 2055 2331 2135 2373; x_wconf 90' lang='lat' dir='ltr'>qual</span> <span class='ocrx_word' id='word_1_524' title='bbox 2167 2339 2248 2361; x_wconf 89' lang='lat' dir='ltr'>cosa</span> 
     </span>
     <span class='ocr_line' id='line_1_89' title="bbox 1406 2383 2249 2426; baseline -0.004 -10"><span class='ocrx_word' id='word_1_525' title='bbox 1406 2384 1540 2416; x_wconf 88' lang='lat' dir='ltr'>sentida</span> <span class='ocrx_word' id='word_1_526' title='bbox 1553 2394 1614 2425; x_wconf 88' lang='lat' dir='ltr'>per</span> <span class='ocrx_word' id='word_1_527' title='bbox 1632 2383 1663 2414; x_wconf 91' lang='lat' dir='ltr'>lo</span> <span class='ocrx_word' id='word_1_528' title='bbox 1678 2383 1860 2426; x_wconf 84' lang='lat' dir='ltr'>magnifico</span> <span class='ocrx_word' id='word_1_529' title='bbox 1872 2385 1990 2426; x_wconf 84' lang='lat' dir='ltr'>signor</span> <span class='ocrx_word' id='word_1_530' title='bbox 2002 2384 2126 2415; x_wconf 83' lang='lat' dir='ltr'>mesier</span> <span class='ocrx_word' id='word_1_531' title='bbox 2142 2384 2249 2415; x_wconf 88' lang='lat' dir='ltr'>Fran-</span> 
     </span>
     <span class='ocr_line' id='line_1_90' title="bbox 1409 2436 2247 2477; baseline -0.005 -7"><span class='ocrx_word' id='word_1_532' title='bbox 1409 2447 1510 2470; x_wconf 86' lang='lat' dir='ltr'>cesco</span> <span class='ocrx_word' id='word_1_533' title='bbox 1546 2438 1589 2468; x_wconf 89' lang='lat' dir='ltr'>da</span> <span class='ocrx_word' id='word_1_534' title='bbox 1624 2437 1781 2477; x_wconf 85' lang='lat' dir='ltr'>Carrara,</span> <span class='ocrx_word' id='word_1_535' title='bbox 1816 2437 1928 2468; x_wconf 88' lang='lat' dir='ltr'>subito</span> <span class='ocrx_word' id='word_1_536' title='bbox 1965 2437 2032 2468; x_wconf 90' lang='lat' dir='ltr'>ello</span> <span class='ocrx_word' id='word_1_537' title='bbox 2065 2437 2191 2468; x_wconf 76' lang='lat' dir='ltr'>mando</span> <span class='ocrx_word' id='word_1_538' title='bbox 2216 2436 2247 2467; x_wconf 90' lang='lat' dir='ltr'>al</span> 
     </span>
     <span class='ocr_line' id='line_1_91' title="bbox 1409 2490 2249 2532; baseline -0.004 -9"><span class='ocrx_word' id='word_1_539' title='bbox 1409 2501 1532 2532; x_wconf 89' lang='lat' dir='ltr'>campo</span> <span class='ocrx_word' id='word_1_540' title='bbox 1557 2490 1696 2531; x_wconf 84' lang='lat' dir='ltr'>pedoni,</span> <span class='ocrx_word' id='word_1_541' title='bbox 1721 2490 1786 2520; x_wconf 89' lang='lat' dir='ltr'>che</span> <span class='ocrx_word' id='word_1_542' title='bbox 1810 2490 1876 2522; x_wconf 88' lang='lat' dir='ltr'>ello</span> <span class='ocrx_word' id='word_1_543' title='bbox 1901 2490 2012 2521; x_wconf 85' lang='lat' dir='ltr'>havea</span> <span class='ocrx_word' id='word_1_544' title='bbox 2035 2490 2137 2532; x_wconf 76' lang='lat' dir='ltr'>nanci</span> <span class='ocrx_word' id='word_1_545' title='bbox 2160 2490 2249 2521; x_wconf 71' lang='lat' dir='ltr'>fatto</span> 
     </span>
     <span class='ocr_line' id='line_1_92' title="bbox 1410 2542 2252 2585; baseline -0.004 -9"><span class='ocrx_word' id='word_1_546' title='bbox 1410 2544 1557 2580; x_wconf 89' lang='lat' dir='ltr'>asoldar,</span> <span class='ocrx_word' id='word_1_547' title='bbox 1583 2550 1616 2573; x_wconf 87' lang='lat' dir='ltr'>et</span> <span class='ocrx_word' id='word_1_548' title='bbox 1640 2543 1711 2574; x_wconf 84' lang='lat' dir='ltr'>cosi</span> <span class='ocrx_word' id='word_1_549' title='bbox 1735 2553 1835 2575; x_wconf 90' lang='lat' dir='ltr'>como</span> <span class='ocrx_word' id='word_1_550' title='bbox 1861 2543 1918 2574; x_wconf 91' lang='lat' dir='ltr'>elli</span> <span class='ocrx_word' id='word_1_551' title='bbox 1942 2543 2059 2585; x_wconf 87' lang='lat' dir='ltr'>vignia</span> <span class='ocrx_word' id='word_1_552' title='bbox 2083 2544 2126 2574; x_wconf 90' lang='lat' dir='ltr'>de</span> <span class='ocrx_word' id='word_1_553' title='bbox 2151 2542 2185 2574; x_wconf 82' lang='lat' dir='ltr'>di</span> <span class='ocrx_word' id='word_1_554' title='bbox 2217 2543 2252 2573; x_wconf 90' lang='lat' dir='ltr'>in</span> 
     </span>
     <span class='ocr_line' id='line_1_93' title="bbox 1412 2595 2252 2638; baseline -0.005 -9"><span class='ocrx_word' id='word_1_555' title='bbox 1412 2598 1458 2634; x_wconf 87' lang='lat' dir='ltr'>di,</span> <span class='ocrx_word' id='word_1_556' title='bbox 1481 2597 1513 2628; x_wconf 93' lang='lat' dir='ltr'>ie</span> <span class='ocrx_word' id='word_1_557' title='bbox 1537 2597 1718 2627; x_wconf 81' lang='lat' dir='ltr'>mandava.</span> <span class='ocrx_word' id='word_1_558' title='bbox 1766 2596 1918 2637; x_wconf 85' lang='lat' dir='ltr'>Apresso</span> <span class='ocrx_word' id='word_1_559' title='bbox 1950 2607 2011 2638; x_wconf 92' lang='lat' dir='ltr'>per</span> <span class='ocrx_word' id='word_1_560' title='bbox 2034 2596 2044 2626; x_wconf 91' lang='lat' dir='ltr'>i</span> <span class='ocrx_word' id='word_1_561' title='bbox 2076 2595 2252 2637; x_wconf 86' lang='lat' dir='ltr'>capitanii,</span> 
     </span>
     <span class='ocr_line' id='line_1_94' title="bbox 1413 2649 2251 2690; baseline -0.005 -8"><span class='ocrx_word' id='word_1_562' title='bbox 1413 2652 1477 2682; x_wconf 89' lang='lat' dir='ltr'>che</span> <span class='ocrx_word' id='word_1_563' title='bbox 1502 2661 1560 2682; x_wconf 88' lang='lat' dir='ltr'>era</span> <span class='ocrx_word' id='word_1_564' title='bbox 1583 2650 1619 2688; x_wconf 82' lang='lat' dir='ltr'>li,</span> <span class='ocrx_word' id='word_1_565' title='bbox 1644 2650 1707 2681; x_wconf 91' lang='lat' dir='ltr'>che</span> <span class='ocrx_word' id='word_1_566' title='bbox 1732 2650 1768 2680; x_wconf 90' lang='lat' dir='ltr'>in</span> <span class='ocrx_word' id='word_1_567' title='bbox 1792 2651 1928 2681; x_wconf 86' lang='lat' dir='ltr'>diverse</span> <span class='ocrx_word' id='word_1_568' title='bbox 1954 2649 2040 2680; x_wconf 85' lang='lat' dir='ltr'>fiade</span> <span class='ocrx_word' id='word_1_569' title='bbox 2059 2649 2095 2680; x_wconf 81' lang='lat' dir='ltr'>fo</span> <span class='ocrx_word' id='word_1_570' title='bbox 2113 2658 2174 2690; x_wconf 90' lang='lat' dir='ltr'>per</span> <span class='ocrx_word' id='word_1_571' title='bbox 2191 2658 2251 2678; x_wconf 82' lang='lat' dir='ltr'>nu·</span> 
     </span>
     <span class='ocr_line' id='line_1_95' title="bbox 1413 2701 2253 2746; baseline -0.004 -12"><span class='ocrx_word' id='word_1_572' title='bbox 1413 2714 1506 2736; x_wconf 86' lang='lat' dir='ltr'>mero</span> <span class='ocrx_word' id='word_1_573' title='bbox 1530 2710 1636 2745; x_wconf 88' lang='lat' dir='ltr'>septe,</span> <span class='ocrx_word' id='word_1_574' title='bbox 1662 2714 1721 2734; x_wconf 86' lang='lat' dir='ltr'>era</span> <span class='ocrx_word' id='word_1_575' title='bbox 1744 2703 1771 2734; x_wconf 87' lang='lat' dir='ltr'>si</span> <span class='ocrx_word' id='word_1_576' title='bbox 1795 2703 1862 2734; x_wconf 88' lang='lat' dir='ltr'>ben</span> <span class='ocrx_word' id='word_1_577' title='bbox 1885 2702 2065 2746; x_wconf 83' lang='lat' dir='ltr'>guardado</span> <span class='ocrx_word' id='word_1_578' title='bbox 2090 2707 2125 2733; x_wconf 91' lang='lat' dir='ltr'>et</span> <span class='ocrx_word' id='word_1_579' title='bbox 2141 2701 2169 2732; x_wconf 81' lang='lat' dir='ltr'>si</span> <span class='ocrx_word' id='word_1_580' title='bbox 2185 2701 2253 2732; x_wconf 90' lang='lat' dir='ltr'>ben</span> 
     </span>
    </p>
   </div>
   <div class='ocr_carea' id='block_1_21' title="bbox 1378 2755 2255 2797">
    <p class='ocr_par' dir='ltr' id='par_1_21' title="bbox 1378 2755 2255 2797">
     <span class='ocr_line' id='line_1_96' title="bbox 1378 2755 2255 2797; baseline -0.003 -9"><span class='ocrx_word' id='word_1_581' title='bbox 1378 2785 1381 2788; x_wconf 82' lang='lat'>.</span> <span class='ocrx_word' id='word_1_582' title='bbox 1414 2757 1552 2790; x_wconf 81' lang='lat' dir='ltr'>fornido</span> <span class='ocrx_word' id='word_1_583' title='bbox 1577 2758 1608 2788; x_wconf 88' lang='lat' dir='ltr'>el</span> <span class='ocrx_word' id='word_1_584' title='bbox 1633 2757 1726 2788; x_wconf 86' lang='lat' dir='ltr'>dicto</span> <span class='ocrx_word' id='word_1_585' title='bbox 1752 2766 1885 2797; x_wconf 87' lang='lat' dir='ltr'>campo,</span> <span class='ocrx_word' id='word_1_586' title='bbox 1910 2755 1974 2786; x_wconf 83' lang='lat' dir='ltr'>che</span> <span class='ocrx_word' id='word_1_587' title='bbox 1990 2755 2048 2786; x_wconf 90' lang='lat' dir='ltr'>elli</span> <span class='ocrx_word' id='word_1_588' title='bbox 2065 2762 2177 2786; x_wconf 85' lang='lat' dir='ltr'>temea</span> <span class='ocrx_word' id='word_1_589' title='bbox 2194 2764 2255 2796; x_wconf 90' lang='lat' dir='ltr'>po-</span> 
     </span>
    </p>
   </div>
   <div class='ocr_carea' id='block_1_22' title="bbox 1414 2807 2254 2905">
    <p class='ocr_par' dir='ltr' id='par_1_22' title="bbox 1414 2807 2254 2905">
     <span class='ocr_line' id='line_1_97' title="bbox 1414 2807 2254 2850; baseline -0.006 -7"><span class='ocrx_word' id='word_1_590' title='bbox 1414 2813 1480 2844; x_wconf 90' lang='lat' dir='ltr'>cho</span> <span class='ocrx_word' id='word_1_591' title='bbox 1497 2811 1659 2843; x_wconf 78' lang='lat' dir='ltr'>d&#39;assalto</span> <span class='ocrx_word' id='word_1_592' title='bbox 1676 2811 1718 2841; x_wconf 85' lang='lat' dir='ltr'>de</span> <span class='ocrx_word' id='word_1_593' title='bbox 1737 2810 1866 2841; x_wconf 87' lang='lat' dir='ltr'>nemisi.</span> <span class='ocrx_word' id='word_1_594' title='bbox 1898 2808 2081 2840; x_wconf 89' lang='lat' dir='ltr'>Nodemen</span> <span class='ocrx_word' id='word_1_595' title='bbox 2098 2809 2202 2850; x_wconf 63' lang='lat' dir='ltr'>pereo</span> <span class='ocrx_word' id='word_1_596' title='bbox 2220 2807 2254 2839; x_wconf 88' lang='lat' dir='ltr'>di</span> 
     </span>
     <span class='ocr_line' id='line_1_98' title="bbox 1415 2861 2254 2905; baseline -0.006 -9"><span class='ocrx_word' id='word_1_597' title='bbox 1415 2871 1448 2896; x_wconf 89' lang='lat' dir='ltr'>et</span> <span class='ocrx_word' id='word_1_598' title='bbox 1464 2870 1566 2896; x_wconf 89' lang='lat' dir='ltr'>nocte</span> <span class='ocrx_word' id='word_1_599' title='bbox 1584 2864 1741 2895; x_wconf 85' lang='lat' dir='ltr'>andavan</span> <span class='ocrx_word' id='word_1_600' title='bbox 1760 2863 1909 2905; x_wconf 75' lang='lat' dir='ltr'>facando</span> <span class='ocrx_word' id='word_1_601' title='bbox 1927 2861 2095 2903; x_wconf 81' lang='lat' dir='ltr'>diligente</span> <span class='ocrx_word' id='word_1_602' title='bbox 2112 2861 2254 2903; x_wconf 88' lang='lat' dir='ltr'>guarda.</span> 
     </span>
    </p>
   </div>
   <div class='ocr_carea' id='block_1_23' title="bbox 1419 2956 1627 2962">
    <p class='ocr_par' dir='ltr' id='par_1_23' title="bbox 1419 2956 1627 2962">
     <span class='ocr_line' id='line_1_99' title="bbox 1419 2956 1627 2962; baseline 0 0"><span class='ocrx_word' id='word_1_603' title='bbox 1419 2956 1627 2962; x_wconf 95' lang='lat' dir='ltr'> </span> 
     </span>
    </p>
   </div>
   <div class='ocr_carea' id='block_1_24' title="bbox 1506 3013 1814 3046">
    <p class='ocr_par' dir='ltr' id='par_1_24' title="bbox 1506 3013 1814 3046">
     <span class='ocr_line' id='line_1_100' title="bbox 1506 3013 1814 3046; baseline -0.006 -8"><span class='ocrx_word' id='word_1_604' title='bbox 1506 3013 1549 3046; x_wconf 80' lang='lat'>46.</span> <span class='ocrx_word' id='word_1_605' title='bbox 1569 3014 1699 3037; x_wconf 86' lang='lat' dir='ltr'>andavan</span> <span class='ocrx_word' id='word_1_606' title='bbox 1720 3021 1766 3036; x_wconf 85' lang='lat' dir='ltr'>om.</span> <span class='ocrx_word' id='word_1_607' title='bbox 1787 3013 1814 3036; x_wconf 86' lang='lat' dir='ltr'><em>P</em></span> 
     </span>
    </p>
   </div>
   <div class='ocr_carea' id='block_1_25' title="bbox 2381 0 2422 984">
    <p class='ocr_par' dir='ltr' id='par_1_25' title="bbox 2381 0 2422 984">
     <span class='ocr_line' id='line_1_101' title="bbox 2381 0 2422 984; baseline 0 0"><span class='ocrx_word' id='word_1_608' title='bbox 2381 0 2422 984; x_wconf 95' lang='lat' dir='ltr'> </span> 
     </span>
    </p>
   </div>
  </div>
 </body>
</html>
