2422 3684
124 854 161 885 10

122 1160 159 1192 15

118 1473 160 1504 20

116 1739 156 1770 25

115 2051 156 2082 30

116 2316 154 2348 35

513 241 684 278 GESTA
714 241 1012 278 MAGNIFICA
1041 242 1226 278 DOMUS
1255 242 1646 279 CARRARIENSIS
1975 245 2022 282 53

189 387 250 408 rex
275 377 452 420 Hungarie
477 387 555 408 cum
585 377 746 409 ducentis
777 377 927 409 millibus
959 389 1123 420 equorum
1156 379 1259 410 Iadre
1291 377 1492 419 supervenit
1523 377 1672 413 auxilio;
1704 389 1782 410 mox
1813 378 2025 410 Venetorum

189 436 304 462 castra
339 431 487 463 includit
523 431 728 474 inclusaque
764 432 979 463 incessanter
1013 438 1207 473 oppugnat:
1242 432 1378 473 iamque
1415 431 1511 474 quasi
1543 431 1587 462 de
1624 432 1771 463 defensa
1803 433 2027 473 desperantes

187 483 415 525 volentesque
439 485 555 525 potius
579 490 700 525 aperto
724 491 833 515 marte
859 485 972 525 perire
997 496 1097 527 quam
1122 485 1212 516 intra
1238 485 1349 515 menia
1374 485 1551 521 trucidari,
1576 485 1722 516 consilio
1745 496 1881 516 suorum
1900 485 2026 516 Veneti

187 542 314 568 exeunt
337 537 381 568 ad
405 537 545 569 bellum.
591 536 732 568 Acriter
755 538 918 579 utrinque
944 544 1126 580 pugnatur,
1150 539 1212 569 sed
1237 538 1375 569 demum
1400 543 1522 580 gentes
1546 537 1758 569 Venetorum
1783 545 1816 569 et
1847 538 2028 577 magnifici

188 589 306 622 Iacobi
331 590 372 622 de
397 590 556 622 Carraria
575 590 754 622 victoriam
779 590 935 622 obtinent
961 601 1027 622 non
1051 596 1236 632 speratam.
1284 591 1337 622 Ex
1361 602 1427 632 quo
1456 590 1577 622 relicta
1609 590 1644 621 in
1678 591 1830 622 tenebris
1863 590 1962 622 Iadra
1994 597 2028 622 et

187 643 255 674 iam
280 643 416 684 penitus
439 643 614 682 destituta,
640 654 700 674 rex
724 643 768 674 ad
793 645 933 684 propria
957 651 1097 676 remeat.
1145 644 1280 676 Instant
1305 644 1441 681 Veneti,
1467 644 1641 675 civitatem
1658 644 1783 675 fortius
1800 644 2027 685 abstringiirit,

188 705 233 726 ex
257 706 323 738 quo
349 697 526 728 intrinseci
549 697 646 739 gravi
664 697 731 740 jam
750 697 841 728 fame
859 698 1056 729 laborantes
1072 704 1106 729 et
1121 698 1164 729 de
1181 697 1333 729 subsidio
1351 708 1420 729 non
1438 698 1581 729 ulterius
1597 703 1785 739 sperantes,
1802 708 1878 733 nec,
1896 697 2027 728 actritis

186 750 254 780 iam
277 750 346 780 suis
368 749 510 787 viribus,
534 749 668 781 habiles
692 750 735 781 ad
761 751 954 787 defensam,
979 751 1120 782 domino
1146 750 1226 782 duci
1251 757 1286 782 et
1309 751 1444 782 comuni
1470 751 1714 788 Veneciarum,
1739 751 1833 792 quod
1850 751 1958 781 solum
1983 752 2027 781 ad

187 802 339 842 ipsorum
362 802 507 834 salutem
532 808 722 843 supererat,
747 803 790 833 de
816 803 1055 834 misericordia
1080 803 1318 844 supplicantes
1343 813 1379 834 se
1402 804 1546 835 tradunt
1577 808 1611 834 et
1642 803 1830 834 dominium
1864 803 2024 834 civitatis.

186 854 229 886 Et
252 855 302 886 sic
326 855 464 896 Veneti,
489 856 705 898 suffragante
729 856 917 897 magnifico
943 856 1070 888 Iacobo
1095 857 1138 887 de
1162 856 1333 894 Carraria,
1357 857 1548 888 ammissam
1573 856 1757 898 subingere
1783 856 1972 887 civitatem.

278 949 334 980 161
363 948 465 990 [206]
489 966 532 972 —-
556 949 634 981 Non
658 949 764 992 longo
787 955 867 990 post
890 956 1047 990 tempore
1072 950 1240 982 Veneciis
1262 951 1310 982 ita
1333 949 1479 982 invaluit
1496 950 1658 982 furmenti
1684 955 1719 982 et
1735 950 1917 982 bladorum
1944 950 2028 981 alio-

186 1011 260 1032 rum
285 1003 440 1042 penuria,
465 1003 558 1043 quod
589 1013 632 1033 ex
663 1002 864 1033 victualium
897 1003 1095 1043 indigencia
1128 1003 1361 1034 Veneciarum
1390 1003 1540 1044 populus
1571 1003 1764 1045 augebatur
1794 1004 1839 1034 ad
1871 1009 2025 1034 mortem.

184 1054 287 1086 Unde
312 1066 374 1096 per
397 1055 563 1091 Venetos,
581 1067 599 1088 a
617 1055 890 1097 quibuscumque
907 1055 1177 1087 comunitatibus
1193 1063 1226 1087 et
1243 1056 1392 1087 dominis
1410 1063 1443 1088 et
1455 1057 1696 1097 undecumque
1714 1056 1911 1087 victualium
1931 1066 2025 1097 spem

184 1108 370 1145 habebant,
395 1109 585 1151 perquisito
610 1109 739 1140 auxilio
765 1115 797 1140 et
820 1110 948 1150 ubique
974 1109 1089 1140 habita
1114 1110 1263 1151 repulsa,
1288 1122 1307 1141 a
1330 1110 1405 1141 solo
1430 1109 1619 1151 magnifico
1643 1109 1772 1140 Iacobo
1798 1110 1841 1141 de
1868 1109 2028 1140 Carraria

183 1161 290 1193 auditi
314 1167 403 1193 sunt.
451 1162 518 1194 Hic
543 1162 779 1204 indigenciam
805 1173 899 1193 suam
925 1163 1093 1202 supremis
1118 1173 1237 1194 eorum
1268 1164 1482 1204 compatiens
1513 1162 1767 1194 calamitatibus
1800 1163 1894 1205 larga
1924 1173 2026 1193 manu

185 1221 220 1246 et
243 1225 310 1246 non
333 1216 408 1246 sine
432 1226 492 1246 suo
517 1221 551 1246 et
575 1215 701 1246 civium
726 1227 863 1247 suorum
889 1216 1112 1247 incommodo
1135 1217 1277 1248 levavit.
1324 1216 1428 1247 Cuius
1454 1217 1504 1247 rei
1528 1217 1696 1256 premium
1722 1217 1883 1247 dominus
1908 1217 1976 1247 dux
1992 1222 2026 1247 et

184 1277 330 1300 comune
355 1268 589 1300 Veneciarum
614 1268 775 1309 predicto
801 1269 994 1309 magnifico
1020 1268 1146 1300 lacobo
1171 1275 1205 1300 et
1228 1269 1485 1300 successoribus
1501 1269 1568 1300 suis
1586 1279 1651 1301 nec
1669 1280 1818 1311 unquam
1842 1269 1924 1300 satis
1942 1269 2027 1300 libe-

184 1332 254 1353 ram
281 1321 512 1354 Veneciarum
538 1321 737 1354 obtulerunt
762 1322 947 1354 civitatem.

275 1419 335 1450 162
361 1419 462 1460 [207].
487 1438 526 1442 ——
553 1420 640 1451 Item
664 1426 740 1451 orto
766 1419 912 1451 dissidio
938 1420 1027 1451 inter
1050 1420 1209 1452 comunia
1227 1420 1458 1452 Veneciarum
1477 1427 1511 1452 et
1527 1421 1631 1451 Ianne
1648 1421 1667 1455 ¹,
1694 1431 1768 1452 cum
1786 1431 1865 1462 pars
1880 1426 2025 1462 utraque

183 1482 219 1503 se
244 1478 384 1514 pararet
407 1473 451 1504 ad
476 1471 604 1504 bellum
628 1483 744 1504 nonne
768 1473 979 1513 magnificus
1004 1473 1149 1504 Iacobus
1174 1475 1216 1504 de
1243 1473 1402 1505 Carraria
1427 1480 1539 1505 tantas
1571 1480 1605 1504 et
1637 1481 1703 1505 tam
1729 1475 1882 1505 audaces
1913 1485 2024 1506 arma-

182 1532 294 1558 torum
324 1531 484 1558 catervas
516 1526 685 1558 exercitui
718 1526 959 1568 superaddidit
986 1526 1211 1564 Venetorum,
1243 1527 1368 1568 quibus
1398 1527 1605 1559 victualibus
1636 1534 1669 1559 et
1702 1527 1930 1559 neccessariis
1961 1538 2024 1568 pro

182 1585 341 1619 tempore
364 1579 512 1616 munitis,
528 1585 561 1611 et
579 1580 751 1611 conmisso
775 1581 914 1611 tandem
940 1580 1028 1611 inter
1051 1581 1211 1620 predicta
1236 1581 1395 1612 comunia
1411 1580 1503 1612 bello
1529 1581 1604 1612 diro
1630 1587 1663 1612 et
1689 1581 1781 1617 forti,
1807 1581 1932 1612 Veneti
1958 1591 2025 1612 una

181 1642 259 1663 cum
283 1633 454 1675 suffragio
478 1633 595 1664 iacobi
619 1633 798 1664 victoriam
823 1633 973 1664 habuere
999 1633 1150 1665 felicem.
1197 1634 1272 1665 Hec
1298 1634 1519 1674 particularia
1537 1634 1702 1675 obsequia
1720 1634 2022 1676 permagnificum

182 1685 344 1717 Iacobum
370 1687 413 1718 de
440 1686 603 1718 Carraria
625 1686 827 1719 comunitati
851 1686 1085 1718 Veneciarum
1109 1687 1274 1728 impensa,
1300 1687 1343 1719 de
1369 1687 1492 1728 quibus
1515 1693 1667 1719 nostram
1691 1687 1853 1728 pervenit
1875 1688 1920 1719 ad
1952 1698 2022 1718 me-

182 1740 335 1777 moriam,
360 1740 465 1772 michi
490 1740 619 1782 placuit
643 1741 787 1773 historia
810 1740 963 1772 inserere
987 1741 1152 1781 presenti,
1176 1741 1340 1772 maiorem
1358 1741 1408 1772 illi
1424 1741 1625 1783 relinquens
1642 1741 1885 1783 obsequiorum
1904 1751 2024 1772 nume-

180 1803 266 1830 rum,
290 1794 333 1825 de
358 1793 484 1836 quibus
508 1794 551 1825 de
575 1794 713 1826 residuo
739 1793 866 1826 clarius
890 1794 1086 1826 innotescit.
1134 1795 1237 1826 Nunc
1261 1794 1306 1825 ad
1330 1794 1494 1826 ulteriora
1517 1795 1733 1837 progrediar.

273 1891 333 1922 163
359 1891 462 1932 [208].
484 1910 529 1915 —
551 1892 761 1928 Lodovicus‚
784 1897 821 1923 ut
844 1891 1032 1928 asserebat,
1057 1902 1117 1923 rex
1142 1892 1378 1923 Romanorum
1393 1890 1415 1928 ²,
1440 1891 1723 1934 Hengalmarium
1755 1892 1797 1923 de
1824 1891 2024 1923 Villandres

179 1955 275 1976 suum
300 1945 480 1976 constituit
503 1945 669 1976 vicarium
694 1946 728 1976 in
753 1945 855 1976 terris
879 1945 1030 1976 Cividati
1057 1951 1091 1976 et
1115 1945 1231 1976 Feltri.
1281 1943 1386 1980 Quod
1412 1944 1558 1977 officium
1581 1945 1716 1976 Xichus
1739 1945 1783 1976 de
1808 1943 2023 1976 Caldenacio

181 2008 243 2039 pro
267 2003 344 2029 xum
378 1998 517 2030 florenis
534 1997 663 2030 habere
680 1998 891 2039 procuravit.
929 1998 980 2029 Ex
998 2008 1067 2040 quo
1085 1997 1352 2039 Hengelmarius
1369 1998 1434 2029 hec
1452 2008 1534 2040 egre
1559 1998 1684 2035 ferens,
1699 1997 1785 2029 licet
1800 1997 2022 2038 disimularet,

180 2051 331 2083 Xichum
348 2051 458 2093 ipsum
477 2052 570 2092 cepit
585 2051 621 2083 in
641 2052 805 2094 Boleano,
820 2051 874 2083 cui
889 2058 1032 2082 mortem
1051 2051 1247 2082 minabatur
1263 2052 1403 2092 eiusque
1421 2057 1534 2083 castra
1550 2050 1781 2093 quampluries
1797 2051 2022 2092 oppugnavit.

179 2103 348 2136 Similiter
372 2110 406 2135 et
430 2105 614 2145 episcopus
637 2104 801 2136 Tridenti
828 2110 949 2135 contra
975 2110 1088 2135 castra
1105 2104 1212 2144 ipsius
1229 2103 1331 2135 Xichi
1351 2114 1426 2134 cum
1444 2103 1600 2135 exercitu
1623 2103 1804 2145 equitavit,
1821 2104 1904 2135 licet
1917 2103 2025 2144 ipsius

178 2157 329 2189 intencio
356 2163 493 2189 careret
517 2158 664 2189 effectu.
701 2157 836 2189 Deinde
854 2163 968 2188 tamen
992 2156 1248 2188 intromissione
1265 2156 1444 2198 magnifici
1461 2155 1579 2187 iacobi
1597 2156 1641 2187 de
1659 2156 1818 2188 Carraria
1842 2167 1910 2197 pax
1932 2157 2022 2188 inter

178 2209 460 2253 Hengelmarium
487 2217 520 2242 et
543 2210 694 2242 Xichum
719 2210 938 2242 concluditur
956 2216 1052 2242 certa
1068 2210 1158 2251 lege,
1176 2210 1343 2241 videlicet
1359 2210 1452 2249 quod
1470 2209 1735 2252 Hengelmarius
1752 2208 1880 2241 habere
1897 2209 2022 2241 debeat

178 2275 198 2295 a
222 2262 337 2295 Xicho
361 2262 500 2295 Clusam
524 2264 708 2305 quendam,
733 2263 867 2295 scilicet
893 2263 1007 2294 locum
1032 2264 1081 2293 sic
1106 2269 1278 2299 vocatum,
1302 2267 1335 2294 et
1359 2273 1418 2293 sex
1443 2262 1551 2293 millia
1574 2263 1790 2294 florenorum.
1836 2261 1892 2293 Ad
1925 2263 2020 2294 cuius

182 2316 328 2358 pecunie
352 2316 563 2348 solucionem
589 2316 763 2358 impotens
790 2316 920 2348 Xichus
939 2315 1107 2347 Cubalum
1125 2315 1314 2355 magnifico
1332 2314 1459 2346 Iacobo
1477 2316 1521 2346 de
1540 2313 1699 2346 Carraria
1716 2315 1835 2346 vendit
1851 2325 1913 2356 pro
1930 2316 2022 2348 dicta

179 2370 382 2412 quantitate,
406 2380 508 2412 quam
534 2370 800 2413 Hengelmarius
824 2370 954 2406 habuit,
984 2375 1017 2400 et
1040 2370 1089 2400 sic
1114 2369 1247 2400 Xichus
1270 2380 1288 2399 a
1314 2368 1512 2400 carceribus
1537 2367 1712 2400 liberatur.

269 2467 328 2497 104
353 2467 453 2508 [2091.
478 2484 522 2489 —-
544 2467 678 2499 Eodem
703 2477 806 2504 anno,
831 2466 963 2497 scilicet
986 2465 1023 2496 in
1046 2464 1310 2503 MCCCXLVI,
1326 2465 1369 2495 de
1395 2474 1511 2496 mense
1525 2464 1740 2506 septembris,
1758 2466 1960 2508 Franconus
1977 2467 2020 2498 de

180 2519 370 2552 Comitibus
381 2518 404 2558 ³,
428 2519 516 2552 civis
540 2525 694 2561 patavus,
719 2519 898 2552 convictus
923 2518 1173 2550 coniuracione
1196 2518 1332 2550 illorum
1357 2518 1400 2549 de
1425 2517 1537 2549 Lucio
1563 2524 1683 2549 contra
1701 2518 1858 2550 dominos
1880 2519 1922 2550 de
1940 2519 2024 2551 Car—

179 2573 269 2605 raria
290 2572 433 2614 publice
457 2573 663 2605 decollatur.

266 2691 287 2708 1.
308 2692 368 2708 cum
388 2685 496 2709 militia
517 2686 718 2709 innumerabili
740 2686 763 2710 S
780 2698 812 2703 —
837 2693 890 2710 1-2.
909 2685 1035 2709 Venetos
1054 2685 1156 2708 castris
1177 2684 1200 2708 S
1217 2697 1248 2701 -ν
1270 2690 1293 2707 2.
1314 2684 1359 2707 sed
1388 2684 1442 2706 iam
1462 2683 1486 2708 S
1503 2697 1536 2700 —
1557 2689 1581 2714 5.
1607 2684 1793 2708 obtinuerunt
1814 2685 1838 2709 S
1861 2698 1892 2701 —
1919 2684 1972 2717 6-7.
1993 2686 2021 2708 et

183 2726 274 2750 acrlus
288 2729 447 2758 perurgent,
467 2727 513 2750 sed
534 2728 590 2760 jam
613 2728 686 2751 fame
699 2728 779 2758 gravi
797 2728 943 2751 intrinseci
966 2727 1129 2751 laborantes
1152 2734 1201 2749 nec
1222 2725 1336 2749 aliunde
1351 2727 1495 2756 sperantes
1510 2733 1592 2756 posse
1606 2726 1756 2749 subvenire
1771 2733 1819 2750 nec
1838 2726 1862 2751 S
1875 2740 1902 2743 —
1923 2734 1961 2750 10.
1975 2726 2021 2750 Sic

182 2775 248 2800 ergo
269 2769 290 2792 S
303 2782 311 2786 -
326 2769 448 2801 subiug.]
469 2777 666 2802 recuperavere
687 2770 709 2794 S
721 2783 753 2787 —
772 2777 810 2793 12.
827 2771 859 2793 ad
876 2772 993 2793 mortem
1008 2779 1054 2793 om.
1070 2770 1092 2793 S
1104 2782 1135 2786 ἠ
1154 2775 1193 2799 17.
1208 2775 1329 2798 unquam
1346 2767 1432 2790 isdem
1449 2768 1471 2791 S
1483 2781 1514 2784 μ
1530 2775 1618 2799 23·24.
1634 2769 1752 2800 predicti
1769 2769 1909 2800 magnifici
1926 2769 2020 2792 Iatobi

183 2809 205 2833 S
222 2824 252 2827 ——
274 2817 315 2841 24.
335 2810 436 2842 nosti-,1
457 2819 545 2835 meam
567 2812 589 2836 S
606 2825 637 2829 —
659 2811 700 2836 26.
721 2813 753 2836 de
774 2821 822 2835 om.
842 2812 865 2836 S
882 2824 892 2829 —
913 2819 1058 2835 nunc....
1079 2811 1246 2843 progrediar
1265 2818 1312 2833 om.
1332 2809 1355 2833 S
1373 2823 1404 2826 —
1427 2815 1514 2840 29-30.
1535 2811 1752 2841 llengelmarius
1771 2811 1825 2833 lior
1845 2819 1908 2842 egre
1929 2811 2021 2835 serens

183 2851 384 2881 dissimulavit,
405 2854 450 2877 sed
471 2856 535 2886 post
555 2854 675 2877 Xichum
697 2854 773 2885 cepit
793 2854 816 2878 S
834 2868 865 2870 —
881 2861 923 2885 31.
944 2852 1024 2883 licet]
1045 2855 1086 2876 set
1099 2853 1121 2877 S
1133 2866 1163 2869 —
1180 2859 1221 2883 32.
1236 2851 1326 2875 caruit
1340 2851 1406 2875 S-
1421 2858 1463 2882 33.
1478 2852 1532 2874 ista
1546 2852 1606 2883 lege
1620 2853 1730 2876 scilicet
1744 2852 1766 2876 S
1779 2867 1806 2869 -
1826 2859 1867 2884 35.
1889 2853 2020 2877 vendidit

183 2893 206 2916 S
223 2907 255 2910 -—
274 2893 316 2925 36.
336 2895 412 2918 dicta
432 2897 529 2925 quant.
550 2895 573 2920 S
591 2908 623 2913 ——
643 2900 686 2927 37.
704 2895 737 2919 de
758 2903 850 2919 mense
869 2894 1036 2927 septembris
1056 2903 1103 2918 om.
1125 2894 1147 2917 S
1164 2906 1195 2910 —
1216 2892 1259 2925 38.
1277 2894 1377 2916 contra
1398 2893 1555 2923 predictum
1576 2894 1754 2925 magnificum
1776 2894 1922 2918 dominum
1943 2894 1966 2918 S

271 2979 278 2996 ¹
299 2981 343 3006 Cf.
364 2982 501 3013 Comus,
523 2984 662 3013 Chronica,
684 2984 716 3013 X,
737 2989 759 3015 7.
1210 2978 1220 2993 ³
1240 2980 1376 3010 Comus„
1399 2981 1538 3011 Chronica,
1558 2981 1604 3011 IX,
1623 2981 1648 3006 8.

269 3023 280 3040 ²
300 3025 436 3056 CORTUS„
459 3027 597 3056 Chronica,
617 3027 664 3056 IX,
684 3033 707 3059 7.
