2422 3684
726 368 862 402 Rimaz.
886 371 918 403 A

395 450 439 472 ne
463 440 627 473 victualia
652 442 786 484 aliaque
809 451 979 486 oportuna
996 447 1041 478 ad
1056 447 1164 488 ipsius
1181 448 1241 481 do-

394 494 476 525 mini
501 494 681 526 Francisci
706 490 821 529 castra
846 498 1059 537 deferantur,
1083 501 1163 533 totis
1191 502 1241 533 vi-

396 547 490 579 ribus
505 548 652 580 obstent.
689 549 821 592 Sicque
839 552 992 593 asperius
1008 561 1144 586 assueto
1161 556 1242 588 hinc

396 601 478 632 inde
503 600 631 633 bellum
663 603 882 642 instauratur,
914 613 1075 639 crescunt
1097 608 1177 639 odia
1209 616 1242 641 et

396 655 585 687 atrociores
622 656 725 688 animi
764 658 945 700 eriguntur
983 661 1026 691 ad
1063 661 1241 695 ultionem.

395 707 474 739 Hoc
496 714 613 740 tamen
636 710 672 740 in
697 716 850 752 tempore
873 712 1052 753 predictus
1083 715 1242 747 dominus

394 761 602 794 Franciscus
640 773 702 804 per
740 765 832 796 ensis
871 765 1049 807 cuspidem
1083 769 1241 809 predicta

398 824 458 844 sua
482 813 558 846 loca
575 815 846 858 quibuscumque
863 819 1035 859 permunit
1051 822 1239 861 oportunis.

399 866 462 898 Cui
488 867 627 900 domino
652 870 852 907 Francisco,
876 877 912 904 ut
935 872 1025 904 hauc
1043 874 1172 906 adimat
1187 876 1239 907 fa-

394 920 557 952 cultatem
584 927 617 953 et
649 923 770 954 castris
801 924 869 955 suis
899 925 1055 957 totaliter
1085 927 1240 960 obstruat

394 984 579 1012 accessum,
605 977 720 1007 senior
742 977 877 1009 Xichus
901 979 1036 1010 foveam
1069 981 1163 1022 capit
1192 981 1239 1012 in-

391 1033 542 1069 gentem,
560 1039 625 1070 que
643 1041 661 1060 a
678 1030 754 1071 ripa
771 1031 897 1063 Brente
915 1032 1062 1065 fluminis
1073 1045 1181 1075 usque
1196 1036 1238 1067 ad

391 1082 516 1112 montis
532 1083 754 1123 protenditur
778 1084 924 1124 apicem.
973 1087 1122 1119 Foveam
1148 1089 1239 1120 hanc

391 1134 509 1166 studio
534 1135 695 1176 pervigili
721 1143 755 1168 et
786 1137 979 1169 incolarum
1010 1139 1128 1172 labore
1160 1152 1238 1182 per-

393 1189 541 1221 maximo
558 1190 734 1230 perficere
753 1198 905 1224 conatur.
942 1193 1005 1225 Set
1023 1195 1122 1225 fovee
1138 1196 1238 1227 huius

392 1242 551 1273 conscius
588 1244 748 1274 dominus
781 1245 986 1277 Franciscus
1011 1246 1054 1278 de
1078 1247 1237 1279 Carraria

391 1294 684 1330 consideramoue
716 1304 877 1339 quantum
911 1310 952 1330 ex
984 1299 1089 1338 ipsius
1120 1302 1236 1342 perfe-

390 1349 506 1379 ctione
532 1349 690 1389 ¹{gentibus
713 1351 782 1382 suis
807 1357 841 1383 et
865 1353 986 1384 castris
1016 1353 1051 1384 in
1083 1355 1237 1395 partibus

390 1401 456 1433 illis
490 1402 683 1442 periculum
719 1403 932 1439 imminebat.
968 1417 1054 1439 mox.
1089 1407 1236 1440 collecta

389 1454 615 1486 iumentorum
642 1456 871 1493 multitudine,
903 1459 967 1490 sub
991 1460 1098 1491 ductu
1122 1461 1236 1493 militis

389 1508 522 1548 egregii
549 1508 676 1540 domini
702 1509 823 1542 Manui
849 1511 892 1542 de
924 1511 1068 1543 Donatis
1100 1519 1134 1544 et
1164 1513 1236 1544 Na-

388 1560 565 1593 scimbene
591 1562 633 1593 de
660 1562 826 1603 Grompo,
852 1575 927 1595 cum
957 1566 1065 1607 copiis
1090 1573 1235 1598 armato-

388 1625 460 1644 rum
495 1614 618 1645 fulcirc
650 1616 856 1647 necessariis
887 1618 998 1649 mictit
1030 1619 1122 1650 dicta
1149 1620 1235 1651 loca.
1266 1636 1267 1651 ι

389 1666 523 1698 Paratis
541 1668 710 1705 omnibus,
725 1669 892 1709 predictis
911 1672 1070 1703 dominus
1086 1672 1237 1704 Mannus

387 1726 421 1752 et
446 1719 678 1753 Nascimbene
703 1733 780 1754 cum
805 1723 875 1755 suis
905 1725 1071 1766 equitant,
1096 1726 1232 1757 foveam

388 1773 430 1804 df·
455 1784 572 1805 mense
597 1775 715 1815 aprilis
747 1783 911 1817 superant
941 1779 1092 1809 nondum
1119 1779 1234 1819 perfe-

387 1833 489 1861 ctam,
521 1828 803 1869 confugientibus
833 1831 953 1861 horum
985 1831 1107 1863 timore
1139 1832 1236 1863 labo-

385 1881 541 1912 rantibus
565 1882 609 1912 acl
634 1887 705 1913 tuta
738 1882 826 1914 loca.
871 1885 1100 1916 Neccessaria
1127 1885 1237 1917 domi-

387 1943 449 1964 nus
474 1935 624 1965 Marinus
649 1941 683 1965 et
707 1936 940 1968 Nasc3mbene
965 1949 1028 1977 per
1052 1945 1164 1969 castra
1183 1939 1234 1970 di-

387 1987 509 2018 vidunt
535 1988 761 2030 gentibusque
788 1991 886 2020 novis
910 1997 1072 2031 reparant
1104 1998 1137 2022 et
1169 1992 1233 2022 ful-

387 2041 490 2072 ciunt.
526 2040 659 2082 Hisque
677 2043 836 2082 peractis,
856 2043 1008 2075 Paduam
1027 2046 1232 2084 regrediun-

386 2099 449 2124 tur.
497 2094 533 2124 ln
570 2105 714 2135 quorum
747 2106 906 2137 regressu
938 2097 1031 2128 inter
1062 2098 1229 2139 GrifJnum

387 2151 420 2177 et
447 2147 598 2183 lvnnum,
624 2155 735 2179 castra
762 2149 922 2183 Antonii.
948 2151 1083 2192 nepotis
1100 2151 1231 2183 domini
1263 2158 1265 2189 ξ

1262 2199 1264 2209 “
1294 2200 1333 2230 35

386 2198 504 2236 Xichi‚
527 2210 569 2230 ex
593 2211 756 2241 aquarum
783 2203 979 2234 undacione
1011 2215 1028 2235 a
1060 2205 1232 2236 montibus

387 2252 673 2284 descendentium
720 2256 854 2294 pedites
899 2266 973 2287 xvn
1017 2258 1231 2289 sufocantur.

385 2304 524 2335 Interim
549 2311 661 2336 autem
693 2307 849 2338 dominus
882 2307 1016 2339 Xichus
1048 2319 1123 2339 cum
1149 2308 1230 2338 Tri-

385 2357 601 2389 dentinorum
626 2365 660 2390 et
683 2359 932 2391 Veronensium
959 2362 1085 2393 auxilio
1108 2362 1154 2392 ad
1179 2362 1230 2393 fo-

385 2420 449 2440 vee
475 2418 640 2451 properat
665 2413 928 2452 perfectionem,
954 2415 1050 2446 cuius
1067 2414 1229 2445 laborerii

383 2463 501 2505 gracia
526 2470 622 2504 parte
648 2463 690 2495 ab
715 2471 859 2508 utraque
884 2467 996 2498 crebri
1022 2468 1103 2498 fiunt
1131 2467 1229 2508 equi-

383 2521 483 2552 tatus,
514 2523 709 2558 satagentes
740 2524 860 2559 gentes
891 2520 1065 2562 magnifici
1099 2520 1226 2552 domini

383 2569 562 2601 Francisci
582 2571 684 2601 t'ovee
703 2570 873 2613 impedire
899 2574 1160 2614 perfectionem,
1178 2573 1228 2604 in-

383 2622 526 2653 sultibus
549 2623 692 2654 assiduis
718 2624 886 2665 impetunt
910 2625 1116 2657 laborantes.
1148 2625 1227 2657 Col-

385 2675 482 2706 lectis
506 2675 556 2706 illi
581 2676 735 2718 undique
760 2679 879 2719 copiis,
911 2680 1078 2712 videlicet
1107 2691 1127 2711 a
1158 2679 1228 2711 Ve-

383 2729 598 2766 ronensibus,
645 2730 871 2768 Tridentinis,
914 2731 1226 2776 Brandeburgense

383 2781 584 2814 marchione
602 2788 636 2814 et
652 2782 797 2815 Bavarie
816 2785 916 2824 duce,
940 2793 976 2818 ut
993 2787 1130 2818 foveam
1147 2797 1226 2829 per-

383 2834 500 2866 ficiant
516 2840 551 2866 et
576 2835 668 2868 intra
690 2837 805 2868 menia
827 2845 970 2871 arceant
984 2840 1114 2879 hostes,
1137 2850 1227 2872 sum-

471 2994 512 3019 47.
532 2986 622 3021 intra]
641 2989 671 3013 in
694 2991 768 3014 terra
789 2990 824 3013 M

1308 873 1344 903 lO

1306 1139 1340 1168 15

1300 1404 1339 1433 20

1296 1669 1337 1699 25

1296 1935 1336 1965 30

1292 2464 1355 2503 4Ο;

1291 2726 1329 2758 45

777 235 950 272 GESTA
978 237 1282 275 MAGNIFICA
1310 241 1496 278 DOMUS
1527 243 1913 281 CARRARIENSIS

1715 378 1857 411 REDAz.
1881 379 1918 412 D

1399 460 1419 482 o
1443 451 1508 481 che
1531 450 1590 482 elli
1613 460 1658 482 no
1681 451 1715 482 la
1738 451 1839 489 iesse,
1862 463 1927 494 pur
1950 453 2016 484 alle
2040 453 2092 484 fin
2116 454 2240 486 mesier

1397 503 1514 535 Xicho
1537 514 1574 534 se
1598 504 1756 536 descovri
1773 500 2006 537 avertamente
2024 505 2164 548 nemigo
2181 507 2239 539 del

1399 557 1515 599 signos
1549 558 1671 589 mesier
1698 558 1896 591 Francesco
1931 560 1974 591 da
2009 560 2167 598 Carrara,
2205 566 2240 592 et

1398 609 1509 642 subito
1532 611 1622 653 nego
1647 611 1677 642 le
1700 612 1756 643 vie
1780 612 1847 643 alle
1871 618 1974 654 gente
2000 623 2058 644 soe
2083 613 2127 644 de
2158 624 2238 655 pos-

1397 673 1454 695 ser
1478 664 1536 704 piu
1560 665 1669 696 andar
1692 665 1724 696 ai
1748 675 1784 696 so
1809 666 1901 707 luogi
1921 672 1955 698 et
1972 666 2003 696 ai
2027 676 2065 697 so
2087 667 2237 704 castelli3

1398 717 1561 759 comencb
1587 729 1606 749 a
1628 718 1782 760 impacar
1813 719 1910 761 quilli
1943 719 2007 751 che
2039 725 2183 760 portava
2205 720 2238 751 le

1398 770 1565 802 victuarie
1589 777 1623 802 et
1647 782 1665 802 a
1688 771 1835 803 serrarie
1863 773 1896 803 le
1920 772 1991 808 vie;
2016 772 2073 814 pia
2095 772 2108 803 i
2132 773 2237 805 omini

1398 824 1455 854 del
1485 824 1666 867 magnifico
1698 825 1822 856 mesier
1852 825 2046 857 Francesco
2075 831 2108 856 et
2139 826 2236 868 quini

1397 877 1522 908 ancide
1547 883 1580 908 et
1603 887 1623 907 a
1647 878 1728 920 ogni
1752 888 1811 909 soa
1834 889 1934 920 possa
1959 889 1996 910 se
2024 889 2200 921 conconce
2217 889 2237 910 a

1397 930 1494 971 quilli
1519 930 1562 961 da
1586 931 1717 962 Trento
1742 937 1777 962 et
1793 930 1837 962 da
1862 942 1919 962 soa
1937 937 2044 973 parte,
2061 938 2096 963 et
2111 942 2236 964 receve

1396 983 1428 1013 le
1453 993 1490 1014 so
1512 989 1615 1025 gente
1640 984 1673 1014 in
1699 984 1728 1015 le
1753 994 1790 1015 so
1807 984 1888 1015 ville
1906 991 1939 1016 et
1955 985 2099 1022 castelli,
2116 986 2125 1016 i
2142 985 2237 1027 quali

1395 1047 1414 1066 a
1437 1047 1496 1068 soa
1520 1047 1622 1078 possa
1640 1037 1785 1079 impaca,
1800 1037 1864 1068 che
1884 1038 1905 1068 ’l
1922 1048 1967 1069 no
1983 1039 2031 1070 sia
2048 1039 2146 1079 porta
2163 1038 2236 1070 vic-

1394 1090 1503 1121 toaria
1527 1097 1560 1121 et
1592 1091 1677 1122 altre
1708 1101 1787 1122 cose
1819 1092 2016 1123 necessarie
2044 1092 2075 1122 ai
2101 1092 2235 1124 castelli

1394 1150 1428 1174 et
1452 1143 1544 1184 luogi
1563 1143 1619 1175 del
1637 1144 1729 1175 dicto
1746 1144 1928 1186 magnifico
1946 1145 2069 1176 mesier
2085 1145 2236 1176 France-

1394 1206 1463 1227 sco.
1498 1196 1543 1227 Et
1565 1196 1637 1227 cosi
1663 1198 1695 1227 la
1719 1207 1842 1238 guerra
1868 1207 2033 1240 comenea
2056 1198 2115 1239 piu
2132 1198 2233 1235 forte,

1394 1249 1438 1280 da
1462 1248 1553 1280 l'una
1578 1256 1611 1280 et
1637 1249 1680 1280 da
1703 1250 1816 1281 l’altra
1839 1256 1937 1292 parte
1969 1260 2085 1282 cresce
2113 1251 2125 1282 i
2147 1251 2233 1289 odii,

1394 1308 1427 1332 et
1450 1302 1459 1332 i
1484 1302 1586 1332 animi
1611 1313 1646 1334 se
1671 1313 1837 1334 conmove
1862 1304 1920 1344 piu
1945 1315 1963 1334 a
1982 1304 2162 1335 vendecta.
2194 1305 2233 1335 In

1393 1362 1514 1396 questo
1539 1361 1655 1396 tempo
1673 1355 1703 1386 el
1722 1356 1909 1397 magnifico
1933 1358 2058 1388 mesier
2083 1358 2234 1389 France-

1394 1418 1452 1439 sco
1477 1419 1538 1449 per
1562 1408 1594 1439 la
1620 1415 1723 1450 ponta
1749 1409 1840 1441 della
1857 1410 1967 1451 spada
1991 1410 2137 1442 fornisse
2160 1411 2172 1442 i
2195 1420 2233 1442 so

1392 1461 1487 1502 luogi
1510 1461 1553 1492 cle
1571 1463 1651 1503 ogni
1668 1472 1751 1493 cosa
1766 1464 1968 1495 necessaria.
2005 1463 2049 1494 Al
2066 1464 2147 1504 qual
2163 1474 2232 1495 me-

1392 1513 1460 1544 sier
1493 1515 1699 1551 Franoesco,
1733 1515 1863 1557 acoche
1900 1516 2059 1547 eciandio
2094 1516 2233 1547 manchi

1393 1573 1511 1608 questa
1527 1567 1596 1604 via,
1612 1578 1724 1600 meser
1740 1569 1853 1601 Xicho
1870 1569 1926 1610 pia
1944 1580 2011 1600 una
2027 1579 2113 1611 gran
2129 1570 2232 1608 fossa,

1392 1621 1424 1651 la
1449 1622 1527 1662 qual
1551 1631 1587 1651 se
1611 1622 1776 1653 destende
1798 1622 1888 1653 dalla
1905 1622 1976 1653 riva
1996 1622 2086 1653 della
2103 1621 2232 1654 Brenta
2267 1662 2276 1668 ,

1394 1674 1466 1704 sina
1490 1673 1522 1705 la
1545 1675 1633 1705 eima
1657 1674 1713 1705 dcl
1731 1681 1857 1712 monte,
1873 1681 1906 1706 et
1925 1686 1990 1706 con
2015 1685 2097 1716 gran
2116 1675 2231 1707 studio

1393 1733 1426 1757 et
1450 1727 1569 1769 fadiga
1594 1727 1651 1758 dei
1675 1738 1712 1759 so
1735 1728 1855 1759 villani
1878 1729 1992 1770 storea
2024 1729 2068 1760 de
2101 1729 2233 1770 compir

1392 1786 1513 1821 questa
1547 1781 1649 1812 fossa.
1695 1780 1755 1811 Ma
1785 1781 1880 1813 facto
1916 1787 2012 1812 certo
2047 1781 2079 1812 el
2113 1782 2232 1824 signor

1393 1832 1508 1863 misier
1531 1833 1727 1865 Francesco
1752 1834 1795 1865 de
1813 1841 1933 1875 questa
1957 1835 2049 1865 fossa
2067 1840 2101 1865 et
2118 1835 2231 1866 consi-

1392 1885 1560 1922 derando,
1573 1886 1667 1917 s'ella
1683 1897 1719 1917 se
1733 1887 1915 1928 compisse,
1933 1894 2060 1928 quanto
2073 1887 2230 1929 perigolo

1391 1948 1510 1969 serave
1536 1939 1604 1970 alle
1626 1949 1662 1969 so
1686 1946 1789 1981 gente
1813 1945 1849 1970 et
1872 1940 1901 1970 ai
1926 1950 1963 1970 so
1989 1941 2124 1971 castelli
2147 1941 2182 1970 in
2198 1940 2230 1972 le

1391 1997 1490 2032 parte
1515 1993 1558 2023 de
1581 1992 1623 2029 la,
1646 1991 1758 2023 subito
1781 1993 1878 2024 facto
1902 1994 2017 2024 recoir
2044 2005 2113 2024 una
2144 2004 2229 2036 gran

1391 2045 1609 2076 mollitudine
1633 2045 1676 2076 de
1694 2052 1852 2087 comente
1876 2052 1910 2077 et
1933 2047 2048 2087 quelle
2069 2057 2230 2089 carrega-

1391 2099 1435 2129 de
1459 2099 1552 2129 delle
1570 2109 1648 2130 cose
1666 2098 1860 2141 bisognose,
1879 2106 1974 2131 socto
2000 2100 2028 2130 el
2054 2100 2229 2132 conducto

1390 2151 1447 2182 del
1478 2151 1676 2183 chavaliero
1707 2152 1849 2194 egregio
1884 2153 2008 2184 m‹›sier
2030 2153 2161 2184 Manno
2192 2154 2229 2185 di

1355 2232 1357 2247 Ι,
1390 2203 1515 2234 Donati
1540 2211 1575 2235 et
1600 2205 1634 2235 di
1661 2204 1866 2236 Nassimben
1895 2207 1939 2236 da
1964 2206 2129 2247 Grompo,
2161 2217 2229 2239 con

1354 2291 1355 2294 Ἰ
1391 2256 1490 2297 copie
1515 2256 1558 2288 de
1584 2257 1711 2288 homini
1728 2258 1871 2295 armadi,
1890 2259 1919 2289 el
1938 2259 2063 2290 manda
2081 2270 2100 2289 a
2116 2259 2228 2290 fornir

1389 2309 1399 2340 i
1425 2309 1508 2341 dicti
1531 2319 1568 2340 so
1591 2310 1698 2351 luogi.
1744 2310 1943 2351 Appariade
1968 2317 2054 2343 tutte
2078 2313 2111 2343 le
2136 2321 2227 2349 cose,

1388 2363 1510 2393 mesier
1526 2363 1653 2394 Manno
1670 2370 1705 2395 et
1722 2364 1925 2395 Nassimben
1946 2366 2123 2402 cavalcha,
2140 2371 2174 2397 et
2189 2365 2226 2397 fo

1388 2416 1444 2447 del
1468 2425 1560 2448 mese
1584 2415 1627 2447 de
1652 2416 1773 2447 avrile:
1800 2427 1906 2460 conce
1924 2418 1990 2448 alla
2017 2419 2111 2450 dicta
2134 2419 2228 2450 fossa

1388 2475 1422 2500 et
1445 2468 1560 2510 quella
1583 2479 1682 2509 passa
1697 2480 1742 2500 no
1765 2471 1917 2501 anchora
1937 2472 2109 2512 compida,
2125 2472 2227 2504 redu-

1386 2522 1540 2564 gandose
1564 2522 1672 2563 quilli,
1697 2523 1761 2553 che
1785 2523 1958 2562 lavorava,
1981 2534 2044 2565 per
2071 2523 2103 2555 la
2119 2535 2228 2565 paura

1386 2575 1419 2605 ai
1441 2574 1538 2616 luogi
1561 2575 1688 2617 seguri.
1730 2575 1859 2607 Mesier
1874 2575 2006 2608 Manno
2023 2582 2058 2608 et
2076 2577 2227 2609 Nassimz

1386 2627 1455 2658 ben
1477 2626 1566 2668 parti
1590 2637 1652 2669 per
1676 2628 1684 2658 i
1710 2628 1844 2659 castelli
1867 2629 1898 2660 le
1924 2639 2005 2661 cose
2031 2630 2226 2662 necessarie

1386 2685 1421 2712 et
1443 2679 1471 2711 si
1493 2679 1526 2711 ie
1550 2691 1680 2722 aconce
1706 2688 1739 2712 et
1763 2691 1931 2724 reparage
1945 2683 1988 2714 de
2006 2689 2108 2725 gente
2124 2693 2226 2722 nove,

1386 2738 1432 2770 et,
1455 2739 1577 2775 questo
1600 2733 1707 2771 facto,
1731 2734 1790 2766 elli
1806 2745 1842 2766 se
1859 2741 1997 2767 retorna
2014 2746 2033 2766 a
2049 2736 2154 2768 Pava.
2187 2737 2242 2768 In-

1384 2790 1506 2828 questo
1529 2795 1629 2828 meco
1653 2787 1775 2818 mesier
1790 2786 1906 2819 Xicho
1923 2798 1989 2819 con
2011 2788 2160 2821 l’alturio
2180 2789 2225 2820 de

1384 2837 1483 2880 quilli
1507 2839 1552 2870 da
1574 2839 1708 2871 Trento
1731 2845 1765 2871 et
1787 2840 1832 2872 da
1856 2839 1997 2872 Verona
2018 2852 2055 2873 se
2079 2842 2179 2885 forca
2203 2852 2224 2874 a

1473 2992 1497 3017 8.
1518 2993 1642 3018 victorio.
1660 2994 1688 3018 P
