2422 3684
422 248 469 282 92
771 249 942 286 GESTA
971 251 1268 287 MAGNIFICA
1298 252 1483 287 DOMUS
1513 253 1898 289 CARRARIENSIS

742 382 880 416 REDAZ.
904 383 936 415 A

418 450 502 482 hore
529 457 629 483 natus
653 459 704 485 est
726 453 945 491 Franciscus‚
969 454 1064 486 filius
1080 455 1261 497 magnifici

417 503 547 535 domini
560 504 739 538 Francisci
749 507 792 538 de
807 506 976 546 Carraria,
990 507 1108 539 Padue
1119 508 1260 540 domini.

505 664 580 695 210.
605 682 639 686 —
670 664 859 697 Millesimo
883 665 1050 703 CCCLX,
1075 667 1119 698 de
1144 677 1260 698 mense

419 717 582 753 octubris,
620 718 829 760 magnificus
868 719 1026 750 dominus
1056 719 1261 751 Franciscus

418 769 462 800 de
488 768 648 801 Carraria
673 771 860 812 magnifice
885 776 919 802 et
944 782 1020 802 cum
1045 772 1174 804 exeniis
1190 783 1262 804 ma-

417 822 499 853 ximi
522 822 650 854 valoris
674 823 764 855 misit
788 824 930 864 Papiam
947 825 1079 867 legatos
1095 835 1185 862 suos,
1203 827 1260 867 qui

417 875 553 915 nupciis
581 876 786 908 interessent
817 877 948 909 domini
979 878 1113 910 comitis
1143 879 1262 910 Virtu-

418 934 497 967 tum,
523 929 588 959 filii
614 929 741 960 domini
767 930 920 967 Galeam,
944 941 1048 962 causa
1064 932 1258 964 honorandi

418 982 561 1022 nupcias
589 983 775 1023 predictas.

505 1088 580 1122 217.
608 1107 646 1110 —
670 1089 813 1121 Inclitus
844 1089 1022 1133 Hongarie
1047 1101 1116 1128 rex,
1146 1091 1261 1123 Loalo-

418 1141 525 1179 vicus,
539 1152 617 1173 suos
640 1142 799 1174 solennes
823 1143 953 1185 legatos
978 1144 1132 1175 Paduam
1157 1145 1260 1181 misit,

417 1195 473 1237 qui
501 1201 598 1235 parte
623 1206 683 1226 sua
708 1196 878 1227 donarent
903 1197 1093 1239 magnifico
1119 1199 1258 1229 domino

416 1247 604 1279 Francisco
629 1249 672 1279 de
697 1249 859 1280 Carraria
882 1255 990 1281 terras
1020 1250 1124 1282 Feltri
1147 1257 1181 1282 et
1205 1251 1260 1282 Ci-

418 1300 536 1338 vidati,
561 1312 645 1342 quas
668 1307 780 1332 terras
802 1303 947 1335 Carolus
977 1305 1168 1344 imperator
1199 1305 1260 1335 clo—

417 1359 560 1385 naverat
595 1355 688 1386 dicto
726 1356 811 1398 regi.
859 1357 911 1387 Ex
950 1367 1016 1397 quo
1053 1357 1260 1400 magnificus

418 1407 578 1438 dominus
603 1409 811 1440 Franciscus
837 1410 983 1450 primum
1001 1422 1096 1441 suum
1114 1418 1261 1452 potesta-

418 1466 484 1490 tem
509 1460 598 1491 misit
621 1461 656 1491 in
679 1462 794 1493 Feltre
820 1462 1033 1501 Fricerinum
1059 1463 1102 1495 de
1122 1464 1261 1504 Capite-

417 1522 514 1551 vace,
532 1520 565 1544 et
589 1514 764 1545 dominum
787 1515 975 1555 Ugolinum
1001 1517 1042 1547 de
1057 1517 1261 1559 Scrovignis

418 1566 508 1597 misit
532 1567 564 1597 in
590 1567 749 1599 Civitate.
794 1568 989 1611 Magnifice
1013 1580 1096 1601 vero
1121 1571 1259 1602 domine

417 1619 514 1657 Fine,
532 1621 630 1651 uxori
647 1621 826 1663 magnifici
851 1622 982 1653 domini
1007 1623 1195 1661 Francisci,
1212 1624 1261 1654 in-

418 1673 500 1703 clita
528 1674 646 1715 regina
678 1674 854 1717 Hongarie
886 1676 976 1706 misit
1007 1677 1126 1717 pulcra
1158 1678 1260 1714 dona,

417 1725 507 1756 inter
531 1737 596 1767 que
620 1727 686 1759 fuit
709 1728 877 1760 mirificus
901 1740 1021 1761 currus
1045 1730 1179 1773 regalis.

507 1833 581 1863 218.
608 1852 645 1856 —
673 1834 758 1865 Item
783 1835 941 1866 dominus
964 1836 1201 1867 Bartoiameus
1218 1837 1260 1867 de

419 1886 632 1917 Placentinis
656 1887 699 1917 de
724 1887 860 1923 Parma.
884 1889 998 1930 legum
1014 1890 1150 1926 doctor,
1170 1890 1262 1921 vica—

420 1938 488 1969 rius
511 1937 659 1978 predicti
684 1940 862 1981 magnifici
879 1941 1005 1973 domini
1023 1942 1199 1974 Francisci
1218 1943 1260 1974 de

420 1991 590 2028 Carraria,
613 2003 633 2023 a
656 2002 739 2034 rege
764 1994 964 2033 postulatus,
987 1995 1022 2025 in
1051 1995 1260 2037 Hongariam

421 2044 601 2084 profectus
625 2052 686 2076 est.
734 2045 845 2082 Quem
880 2047 1012 2078 honore
1045 2055 1077 2079 et
1109 2054 1263 2080 contem—

421 2097 580 2137 placione
605 2098 752 2139 predicti
780 2100 959 2141 magnifici
993 2101 1123 2132 domini
1155 2102 1263 2133 Fran-

421 2149 506 2181 cisci
531 2150 687 2182 dominus
710 2162 770 2182 rex
794 2153 902 2184 voluit
925 2153 969 2184 ad
994 2164 1142 2184 mensam
1167 2165 1262 2185 suam

420 2203 550 2244 regiam
584 2210 618 2235 et
648 2204 683 2234 in
715 2206 784 2236 suis
812 2205 968 2236 conciliis
999 2206 1127 2237 habere
1152 2207 1261 2237 eciam

421 2265 549 2296 secum,
580 2257 771 2299 hongarico
803 2259 945 2290 vestitus
976 2259 1009 2289 in
1043 2259 1172 2290 habitu.
1221 2261 1264 2291 Et

422 2311 489 2340 hoc
509 2310 577 2341 fuit
592 2310 628 2341 in
645 2311 853 2348 MCCCLX‚
872 2312 916 2343 de
934 2323 1049 2344 mense
1065 2313 1264 2345 november.

511 2418 584 2448 219.
610 2437 650 2442 —
669 2417 769 2449 Anno
787 2419 916 2450 domini
933 2419 1113 2450 millesimo
1130 2426 1265 2451 trecen-

421 2470 543 2501 tesimo
557 2469 644 2511 [**³²*]‚
658 2471 701 2502 de
716 2482 833 2502 mense
848 2471 1051 2508 decembris,
1068 2473 1145 2503 dum
1160 2472 1265 2504 Canis

423 2523 565 2564 grandis
589 2524 666 2554 dela
691 2524 803 2561 Scala,
832 2525 925 2555 filius
953 2525 1081 2555 domini
1114 2525 1264 2563 Mastitai,

424 2576 562 2607 Verone
588 2583 621 2608 et
654 2577 823 2608 Vicencie
855 2578 1023 2615 domium,
1047 2578 1081 2608 in
1110 2578 1265 2619 partibus

422 2629 602 2661 Alemanie
620 2640 724 2670 penes
740 2630 1077 2672 brandeburgensem
1095 2632 1266 2663 marchio-

422 2695 499 2715 nem
526 2685 724 2726 equitassem
756 2685 813 2726 qui
846 2685 908 2716 sibi
939 2685 1065 2716 sororis
1093 2686 1264 2718 connubio

424 2744 592 2779 cognatus
625 2737 756 2774 aderat,
791 2744 827 2769 ut
862 2738 1006 2769 telorum
1041 2739 1266 2770 concursibus

424 2801 593 2821 armorum
619 2791 683 2821 sibi
707 2791 850 2833 gloriam
874 2798 1126 2833 assequeretur,
1159 2792 1267 2823 domi-

426 2854 488 2873 nus
519 2843 732 2884 Fregnanus,
761 2844 833 2874 eius
856 2844 964 2874 frater
993 2844 1137 2885 spurius,
1166 2844 1267 2875 aliter

426 2902 539 2927 tamen
571 2897 607 2926 in
637 2895 771 2926 actibus
794 2896 950 2927 humanis
980 2896 1266 2938 quamplurimum

425 2950 557 2980 honore
593 2949 739 2986 habitus,
770 2949 921 2981 consiliis
952 2950 1083 2980 domini
1117 2949 1268 2992 Acconis

427 3003 471 3034 de
495 3003 636 3045 Corigia
669 3008 703 3034 et
734 3003 877 3034 aliorum
913 3003 1176 3045 quamplurium,
1208 3003 1265 3044 qui

1330 934 1366 965 10

1329 1263 1363 1293 15

1323 1530 1363 1559 20

1315 1848 1355 1879 25

1326 2114 1366 2144 30

1330 2697 1369 2726 40

1329 2959 1369 2991 45

1738 386 1879 418 REDAZ.
1905 386 1942 418 D

1419 455 1508 488 delle
1525 455 1736 498 vintiquatro
1753 467 1811 488 ore
1830 457 1932 489 nasce
1952 458 2159 494 Francesco,
2183 458 2260 489 fiolo

1419 508 1476 540 del
1498 509 1682 551 magnifico
1705 510 1823 552 signos
1850 510 1972 541 mesier
1997 511 2192 542 Francesco
2216 511 2260 542 da

1420 561 1578 600 Carrara,
1603 563 1718 605 signor
1742 562 1785 594 de
1812 563 1916 594 Pava.

1508 669 1580 699 216.
1606 687 1644 690 —
1672 669 1724 700 En
1741 669 1833 700 mille
1860 675 2013 700 tresento
2036 675 2187 709 sexanta,
2204 669 2261 700 del

1421 731 1512 752 mese
1530 722 1564 752 di
1581 728 1736 760 octovre,
1753 723 1785 753 el
1802 722 1984 764 magnifico
2005 722 2124 763 signor
2139 722 2263 753 mesier

1419 775 1616 806 Francesco
1640 774 1684 806 da
1715 774 1862 806 Carrara
1896 775 2196 817 magnificamente
2228 781 2262 806 et

1420 837 1486 859 con
1501 828 1651 868 presenti
1671 829 1713 859 de
1738 838 1822 870 gran
1843 828 1958 859 valore
1977 827 2100 858 mando
2118 838 2138 858 a
2154 827 2261 858 Pavia

1419 890 1456 911 so
1480 880 1689 917 ambaxaori‚
1713 881 1721 911 i
1747 880 1838 923 quali
1864 881 1956 912 fosse
1989 880 2054 911 alle
2087 890 2173 922 noce
2206 881 2261 911 del

1419 940 1521 965 conte
1547 934 1590 965 de
1623 933 1743 970 verm,
1772 934 1851 965 fiolo
1883 935 1925 965 de
1960 934 2085 965 mesier
2118 933 2261 971 Galeaz,

1420 997 1482 1028 per
1506 997 1609 1018 cason
1636 988 1678 1018 de
1703 987 1852 1018 honorat
1876 987 1908 1018 le
1937 997 2022 1029 noce
2047 987 2216 1027 predicte.

1508 1093 1582 1128 217.
1611 1111 1646 1116 —
1673 1093 1866 1135 Lodovigo,
1890 1093 2013 1124 inclito
2036 1103 2074 1123 re
2099 1093 2142 1123 de
2164 1092 2260 1124 Hon-

1418 1147 1524 1189 garia‚
1538 1146 1664 1178 mando
1688 1157 1724 1178 so
1742 1146 1887 1177 solemni
1905 1145 2103 1177 ambaxaori
2121 1156 2139 1176 a
2156 1145 2262 1183 Pava,

1420 1201 1427 1231 i
1453 1199 1544 1242 quali
1570 1211 1630 1241 per
1654 1210 1713 1231 soa
1737 1206 1834 1241 parte
1860 1200 2006 1231 donasse
2031 1199 2062 1229 al
2079 1198 2262 1240 magnifico

1418 1254 1535 1295 signor
1551 1253 1674 1283 mesier
1689 1252 1883 1284 Francesco
1901 1253 1944 1283 da
1961 1251 2108 1283 Carrara
2125 1252 2156 1282 le
2170 1257 2261 1282 terre

1420 1307 1463 1338 de
1482 1306 1593 1337 Feltre
1612 1313 1645 1337 et
1661 1306 1795 1342 Cividii,
1813 1306 1844 1337 le
1861 1305 1941 1347 qual
1959 1311 2050 1337 terre
2067 1305 2176 1336 Karlo
2201 1305 2263 1335 im-

1419 1359 1570 1400 perador
1587 1359 1695 1390 liavea
1712 1359 1802 1390 dona
1818 1359 1849 1389 al
1866 1358 1958 1390 dicto
1976 1369 2023 1389 re.
2052 1357 2117 1388 Per
2134 1359 2164 1389 la
2183 1357 2260 1399 qual

1419 1423 1500 1444 cosa
1523 1413 1552 1442 el
1577 1413 1763 1454 magnifico
1788 1413 1910 1443 mesier
1925 1412 2119 1442 Francesco
2137 1411 2262 1442 mando

1419 1465 1583 1508 Frucerin
1605 1465 1868 1503 Cavodevacha,
1885 1475 1921 1495 so
1946 1465 2056 1506 primo
2080 1464 2199 1505 poestn
2226 1463 2262 1494 in

1420 1518 1546 1554 Feltre‚
1585 1525 1620 1550 et
1661 1519 1784 1549 mosier
1823 1518 1950 1559 Ugolin
1992 1517 2186 1559 Scrovigno
2227 1517 2260 1547 in

1419 1572 1566 1603 Cividal.
1614 1571 1657 1603 Et
1682 1571 1714 1602 la
1736 1571 1856 1603 inclita
1880 1571 1977 1602 raina
2009 1571 2052 1601 de
2086 1570 2264 1612 Hongaria

1419 1625 1544 1656 mando
1567 1625 1636 1656 alla
1659 1624 1839 1666 magnilica
1863 1624 2012 1655 madona
2037 1623 2123 1654 Fina
2146 1622 2261 1654 bellis-

1418 1677 1492 1708 simi
1517 1678 1610 1713 doni,
1633 1678 1723 1708 intro
1749 1677 1756 1707 i
1781 1677 1875 1718 quali
1901 1677 1937 1707 fo
1970 1687 2014 1707 un
2047 1668 2276 1707 meraveioso'

1420 1740 1518 1762 carro
1542 1731 1637 1762 riale.

1509 1837 1581 1867 218.
1596 1853 1637 1858 --
1651 1836 1735 1867 Item
1750 1836 1872 1867 mesier
1887 1834 2118 1866 Bartliolamio
2137 1835 2170 1866 di
2184 1835 2263 1866 Pla-

1419 1890 1532 1922 sentin
1557 1890 1601 1921 da
1625 1888 1758 1926 Parma,
1782 1888 1924 1930 egregio
1956 1889 2078 1919 doctor
2106 1888 2149 1919 de
2172 1888 2264 1930 lege,

1420 1943 1550 1975 vicario
1575 1942 1631 1974 del
1656 1942 1812 1982 predicto
1836 1941 1953 1982 signos
1970 1942 2095 1971 mesier
2111 1940 2263 1972 France-

1419 2006 1478 2027 sco
1503 1997 1546 2027 de
1572 1997 1729 2031 Carrarzu
1754 1994 1925 2026 domanda
1950 1995 1993 2025 da
2018 1994 2142 2024 mesier
2166 1994 2198 2024 lo
2214 2003 2262 2030 re,

1420 2049 1511 2080 ande)
1534 2050 1570 2080 in
1598 2047 1785 2089 Hongaria.
1832 2046 1873 2078 El
1899 2047 1976 2089 qual
2010 2057 2070 2087 per
2094 2047 2205 2078 honor
2229 2052 2263 2078 et

1421 2101 1699 2142 contemplacion
1716 2100 1771 2131 del
1789 2110 1827 2131 so
1844 2100 1961 2142 signor
1978 2100 2010 2130 el
2026 2099 2120 2130 dicto
2138 2099 2263 2131 mesier

1422 2155 1454 2186 lo
1479 2165 1515 2185 re
1532 2154 1627 2185 volse
1651 2154 1758 2184 haver
1780 2154 1815 2184 in
1841 2153 1863 2182 li
1887 2163 1925 2183 so
1950 2153 2067 2183 consei
2084 2159 2117 2183 et
2134 2152 2201 2183 alla
2224 2162 2262 2184 so

1421 2217 1540 2238 mensa
1563 2207 1662 2245 rialc;
1687 2212 1720 2237 et
1743 2215 1884 2247 apresso
1902 2205 1931 2236 el
1950 2206 2037 2237 vesti
2053 2216 2116 2237 con
2135 2206 2201 2237 ello
2225 2205 2262 2236 in

1422 2261 1538 2292 habito
1556 2261 1804 2302 liongarescho.
1851 2260 1895 2291 Et
1919 2267 2039 2301 questo
2063 2260 2100 2291 fo
2119 2261 2154 2291 in
2170 2260 2263 2292 mille

1422 2320 1572 2346 tresento
1595 2320 1748 2350 semma,
1772 2313 1827 2344 del
1852 2323 1942 2344 mese
1968 2313 2001 2344 di
2029 2313 2225 2345 novembre.
