2422 3684
788 253 957 289 GESTA
988 253 1295 289 MAGNIFICA
1324 253 1507 289 DOMUS
1537 254 1924 291 CARRARIENSIS

520 839 594 869 223.
615 857 654 861 ——
684 838 763 879 Ipso
795 844 947 878 tempore
979 835 1154 868 celebrata
1184 835 1276 866 inter

430 891 623 923 Ecclesiam
649 902 736 932 pace
761 897 794 921 et
819 890 1057 921 Bernabonem
1089 888 1275 924 dominum,

429 955 507 976 cum
532 955 597 985 pax
614 944 688 984 ipsa
705 944 800 985 quasi
817 944 910 974 foret
927 941 1086 974 omnibus
1102 946 1275 982 suspecta,

431 998 567 1029 comuni
593 998 780 1028 amicorum
806 1002 955 1027 tractatu
980 994 1023 1026 ad
1048 995 1114 1026 hoc
1135 1001 1186 1025 est
1215 995 1275 1025 de-

431 1056 580 1086 ventum,
612 1055 649 1079 ut
681 1049 847 1090 depositis
871 1048 969 1084 odiis,
1001 1058 1067 1089 que
1100 1057 1142 1078 ex
1171 1056 1274 1078 causa

431 1104 527 1135 facili
566 1104 656 1134 inter
695 1103 927 1134 marchionem
972 1100 1272 1132 Aldrovandinum

430 1164 526 1198 parte
540 1167 582 1187 ex
599 1166 666 1187 una
683 1162 716 1187 et
732 1156 954 1197 magnificum
973 1154 1150 1185 dominum
1169 1153 1274 1184 Fran-

430 1211 558 1242 ciscum
583 1210 626 1240 de
652 1208 814 1240 Carraria
848 1209 907 1240 diu
940 1214 1142 1238 exarserant
1175 1213 1272 1247 parte

430 1274 472 1294 ex
495 1263 615 1299 altera,
628 1273 705 1294 cum
730 1269 911 1303 suspectus
934 1268 1040 1303 utque
1065 1261 1127 1291 sibi
1154 1267 1187 1290 et
1203 1260 1273 1290 suis

430 1317 573 1352 timeret,
587 1315 733 1346 abolitus
757 1315 1049 1357 redintegraretur
1073 1323 1167 1344 amor
1184 1313 1272 1344 inter

429 1369 665 1399 marchionem
692 1368 887 1404 Nicolaum,
913 1367 970 1408 qui
998 1366 1095 1397 fratri
1115 1366 1179 1406 ipsi
1197 1375 1272 1395 suc—

429 1428 581 1454 cesserat
617 1421 880 1452 Aldrovandino
920 1420 1024 1461 ipsius
1060 1420 1125 1450 iam
1161 1426 1270 1450 morte

429 1482 608 1517 preventa,
633 1482 666 1506 et
690 1475 885 1515 predictum
910 1474 1019 1514 ipsum
1045 1472 1271 1514 magnificum

430 1529 651 1560 Franciscum
678 1529 720 1559 de
745 1527 916 1559 Carraria.
964 1527 1069 1558 Cuius
1086 1528 1134 1556 rei
1152 1526 1271 1567 gracia

429 1582 530 1613 ambo
547 1582 580 1611 in
598 1582 835 1623 Montagnana
855 1586 1102 1615 convenerunt,
1120 1579 1175 1609 ubi
1195 1589 1271 1609 cum

428 1636 550 1676 pulcra
566 1635 741 1666 amborum
760 1634 924 1665 comitiva
942 1633 1124 1674 colloquiis
1140 1638 1174 1662 et
1190 1642 1272 1663 con-

429 1688 554 1729 v[iv]iis
576 1688 713 1719 insimul
739 1687 924 1718 celebratis
949 1687 1091 1727 pacifici
1119 1686 1163 1716 ab
1187 1686 1272 1716 invi-

430 1753 503 1773 cem
521 1743 762 1774 discesserunt.
793 1741 837 1772 Et
854 1741 1013 1782 predicta
1030 1741 1170 1770 fuerunt
1188 1738 1202 1754 *
1216 1738 1231 1755 ’³‘
1245 1738 1269 1769 *.

518 1904 589 1933 224.
614 1920 654 1924 —
680 1901 756 1932 Hoc
779 1907 947 1942 tempore.
966 1910 1042 1931 cum
1064 1899 1270 1942 magnificus

429 1957 587 1988 dominus
617 1954 792 1986 Bernabos
825 1965 901 1985 cum
938 1953 1096 1985 Ecclesia
1127 1963 1271 1983 romana

427 2020 586 2052 guerram
612 2009 755 2039 haberet
782 2008 988 2049 summisque
1013 2007 1141 2037 viribus
1158 2007 1270 2037 inten—

428 2064 527 2094 deret
553 2063 596 2092 ad
629 2061 900 2101 occupacionem
934 2060 1088 2091 Bononie
1122 2059 1268 2090 civitatis

428 2117 642 2156 fuissentque
668 2114 725 2144 alii
757 2112 968 2144 Lombardie
1002 2113 1134 2144 domini
1161 2123 1267 2155 usque

426 2175 508 2200 tunc
533 2167 742 2199 favorabiles
766 2167 876 2207 potius
900 2167 963 2208 ipsi
982 2166 1123 2197 domino
1143 2166 1270 2197 Herna-

427 2222 507 2253 boni
538 2231 639 2262 quam
671 2220 840 2256 Ecclesie,
872 2220 1133 2250 considerantes
1164 2220 1270 2261 qnod,

427 2275 479 2315 [si]
504 2274 659 2305 Bononia
683 2274 757 2314 ipsa
781 2273 889 2313 ipsius
906 2273 1034 2304 domini
1053 2272 1268 2304 liernabonis

426 2328 699 2359 summicteretur
724 2326 863 2359 dicioni,
881 2327 1028 2367 ipsorum
1047 2326 1208 2367 potencia
1226 2336 1268 2356 ex

428 2382 492 2413 hoc
511 2381 613 2423 longe
630 2381 861 2416 decresceret,
875 2386 951 2420 post
968 2381 1072 2411 multa
1087 2381 1168 2411 hinc
1186 2381 1266 2411 inde

427 2435 556 2478 agitata
569 2434 742 2475 colloquia
756 2433 789 2463 hi
804 2434 941 2464 tandem
958 2433 1096 2472 domini,
1111 2433 1267 2464 dominus

428 2488 632 2520 Franciscus
666 2486 783 2517 senior
819 2487 861 2516 cle
887 2486 1057 2522 Carraria,
1088 2484 1189 2501 '³⁴*²³‘*
1225 2486 1267 2516 de

427 2541 567 2572 Verona
591 2547 623 2570 et
650 2539 816 2570 Nicolaus
839 2539 982 2570 estensis
1006 2539 1174 2575 marchio,
1190 2549 1266 2570 cum

427 2594 568 2625 domino
593 2592 708 2634 legato
732 2592 961 2634 Ecclesiaque
987 2603 1128 2624 romana
1156 2593 1208 2623 his
1232 2602 1268 2623 se

427 2646 604 2677 unanimes
627 2645 738 2676 modis
762 2645 978 2687 colligarunt,
993 2645 1158 2677 videlicet
1175 2645 1268 2687 quod

427 2700 470 2730 de
496 2698 624 2729 fiendis
639 2697 746 2729 tribus
763 2698 899 2729 milibus
916 2699 1087 2741 equitibus
1104 2698 1269 2730 medietas

426 2752 618 2794 sumptibus
641 2752 683 2782 sit
707 2751 856 2782 ecclesie
881 2759 914 2783 et
938 2752 1003 2782 alia
1029 2752 1196 2784 medietas
1218 2752 1270 2782 in-

426 2812 478 2837 ter
494 2812 563 2836 tres
580 2805 763 2846 colligatos
777 2815 838 2845 pro
855 2811 929 2835 rata
945 2804 1133 2842 dividatur,
1152 2811 1187 2836 et
1203 2806 1268 2835 hec

426 2859 469 2890 ad
493 2869 566 2890 sese
590 2858 739 2890 invicem
764 2858 1026 2890 defendendum
1059 2867 1270 2900 recuperan-

426 2913 551 2944 dumve
583 2917 697 2943 castra
730 2911 887 2942 Bononie
920 2917 1088 2952 occupata
1124 2918 1157 2943 et
1193 2911 1270 2948 alia,

520 3014 557 3035 ω’.
581 3012 664 3035 Γτςιὶε-ι-
685 3012 720 3034 M

1343 931 1380 962 10

1341 1199 1376 1230 15

1336 1466 1376 1496 20

1334 1730 1374 1761 25

1332 2313 1372 2345 35

1333 2578 1372 2607 40

1334 2839 1374 2871 45

1754 387 1893 419 REDAz.
1917 387 1954 419 D

1434 457 1640 495 Francesco‚
1665 458 1701 490 fo
1732 458 1895 491 mectudo
1926 460 2050 490 dentro
2080 459 2195 500 quelle
2220 459 2277 490 del

1434 510 1526 541 dicto
1550 510 1782 543 vicedomino.
1830 512 1873 544 Et
1904 512 1975 544 cosi
2008 512 2039 543 la
2069 512 2274 553 suspeccion

1434 562 1572 594 habuda
1596 564 1654 595 del
1677 565 1771 596 dicto
1794 565 1980 607 magnifico
2008 565 2125 606 signor
2155 565 2277 596 mesier

1434 615 1640 654 Francesco,
1657 627 1700 649 no
1717 618 1904 650 solamente
1922 618 1979 649 dai
1994 618 2145 655 Forlan5,
2160 629 2216 649 ma
2233 619 2278 651 da

1434 675 1519 701 tutte
1547 670 1578 702 le
1610 671 1783 703 comunifa
1807 677 1840 702 et
1867 671 1997 714 signori
2030 672 2067 702 fo
2099 673 2276 712 aprovada

1435 731 1497 763 per
1521 733 1590 755 non
1614 735 1704 756 vera.

1522 831 1599 862 223.
1624 850 1659 853 —
1686 832 1738 863 En
1763 833 1843 874 quel
1859 838 1975 874 tempo
1991 833 2113 864 siando
2131 832 2226 864 facta
2242 833 2275 864 la

1435 892 1516 923 pase
1539 883 1629 915 intro
1661 884 1692 915 la
1724 884 1852 916 Ghiesa
1883 892 1917 917 et
1949 885 2072 917 mesier
2102 885 2276 924 Bernabb‚

1434 935 1554 967 siando
1577 936 1611 967 la
1635 937 1727 969 dicta
1751 949 1832 979 pase
1857 939 1951 981 quasi
1984 939 2028 969 ad
2060 939 2198 980 ogn'om
2221 949 2275 970 so-

1434 996 1563 1029 specta,
1580 1000 1642 1031 per
1657 992 1765 1022 tracta
1783 993 1825 1023 de
1843 992 1981 1023 comuni
1999 991 2094 1022 amisi
2110 1002 2146 1022 se
2164 1002 2274 1023 venne

1435 1043 1478 1074 ad
1506 1049 1638 1085 questo,
1663 1045 1726 1075 che
1749 1045 1861 1076 mectn
1886 1055 1966 1087 coso
1990 1045 1999 1075 i
2034 1044 2116 1081 odii,
2147 1045 2156 1075 i
2181 1045 2274 1086 quali

1434 1105 1496 1136 per
1518 1096 1638 1138 liciera
1661 1107 1764 1129 cason
1789 1107 1846 1129 era
1874 1104 1925 1129 sta
1956 1103 2009 1129 tra
2040 1097 2061 1128 ’l
2094 1098 2273 1130 marchese

1434 1148 1686 1188 Aldrovandin‚
1709 1150 1754 1182 da
1777 1162 1844 1182 una
1867 1157 1963 1192 parte
1997 1163 2014 1181 e
2040 1151 2061 1181 ’1
2086 1151 2273 1193 magnifico

1432 1202 1548 1243 signer
1565 1203 1688 1235 mesier
1704 1204 1898 1236 Francesco
1915 1206 1959 1235 da
1975 1205 2122 1236 Carrara
2140 1205 2183 1236 da
2200 1205 2273 1236 l⁷a1-

1433 1262 1495 1294 tra,
1520 1257 1555 1287 fo
1579 1256 1673 1287 facto
1697 1257 1849 1288 l’acordo
1874 1263 1926 1288 tra
1949 1258 1979 1289 el
2009 1258 2185 1289 marchese
2211 1258 2272 1289 Ni-

1433 1306 1522 1343 colb,
1547 1307 1578 1337 el
1602 1309 1682 1349 qual
1707 1308 1815 1340 havea
1846 1309 1997 1340 soccedu
2029 1310 2060 1340 al
2093 1309 2271 1340 marchese

1432 1359 1682 1399 Aldrovandin‚
1713 1371 1731 1392 e
1756 1361 1776 1391 ’1
1808 1362 1900 1393 dicto
1932 1362 2114 1404 magnifico
2146 1363 2271 1394 mesier

1432 1413 1638 1445 Francesco.
1684 1415 1750 1446 Per
1784 1415 1935 1457 fermeca
1971 1415 2064 1447 della
2099 1415 2200 1457 quale
2234 1426 2270 1447 se

1432 1478 1611 1498 convenne
1627 1468 1662 1498 in
1680 1467 1915 1510 Montagnana
1932 1470 1963 1500 el
1983 1469 2074 1501 dicto
2092 1469 2271 1500 marchese

1433 1520 1557 1552 Nicolb
1582 1531 1599 1551 e
1625 1521 1646 1552 ’l
1670 1522 1852 1563 magnifico
1876 1522 1992 1563 signor
2016 1522 2139 1553 mesier
2165 1522 2271 1553 Fran-

1432 1583 1531 1605 cesco
1555 1584 1620 1605 con
1644 1574 1735 1605 bella
1759 1575 1955 1617 conpagnia
1979 1575 2022 1606 de
2047 1575 2139 1606 l'uno
2163 1581 2197 1606 et
2225 1575 2271 1606 de

1432 1626 1558 1663 l'alt103
1583 1633 1615 1658 et
1639 1627 1662 1658 li
1686 1628 1775 1659 stadi
1794 1627 1966 1659 insembre
1992 1628 2026 1658 in
2053 1628 2204 1659 convivii
2235 1634 2268 1659 et

1430 1681 1555 1712 secreti
1579 1680 1714 1721 parlari,
1739 1681 1886 1712 amicadi
1921 1681 1978 1722 poi
2009 1691 2045 1712 se
2076 1681 2164 1722 parti
2199 1680 2277 1712 l'un'

1430 1733 1475 1764 da
1512 1732 1630 1765 l'altro.
1676 1733 1720 1764 Et
1755 1734 1786 1765 le
1822 1734 1980 1775 predicte
2020 1744 2100 1765 cose
2140 1734 2176 1765 fo
2212 1735 2268 1765 del

1430 1797 1522 1819 mese
1535 1785 1551 1802 *
1566 1785 1580 1803 *
1596 1786 1612 1803 *

1517 1896 1592 1926 224.
1619 1912 1657 1917 —d
1683 1894 1735 1925 En
1758 1900 1879 1936 questo
1902 1900 2017 1935 tempo
2035 1894 2068 1925 el
2084 1894 2268 1936 magnifico

1430 1948 1551 1979 mesier
1563 1947 1722 1979 Bernabo
1740 1948 1850 1979 havea
1866 1958 1992 1989 guerra
2007 1958 2072 1979 con
2090 1948 2122 1978 la
2140 1948 2267 1979 Ghiesa

1428 2001 1471 2032 de
1496 2001 1608 2033 Roma
1632 2008 1665 2033 et
1690 2011 1755 2032 con
1779 2001 1860 2043 ogni
1884 2012 1943 2032 soa
1975 2002 2072 2042 [orca
2105 2001 2268 2032 intendea

1429 2055 1495 2086 alla
1526 2064 1626 2095 presa
1662 2055 1704 2086 de
1739 2053 1907 2096 Bologna,
1932 2059 1965 2085 et
1997 2064 2055 2084 era
2088 2054 2155 2084 tina
2187 2054 2266 2095 quel

1426 2113 1543 2149 tempo
1567 2107 1676 2139 tuttii
1706 2107 1781 2138 altri
1817 2107 1945 2149 signori
1982 2108 2024 2138 de
2056 2106 2267 2138 Lombardia

1427 2167 1477 2193 sta
1507 2161 1565 2202 pin
1596 2160 1786 2192 favorevoli
1811 2172 1830 2190 a
1855 2160 1980 2191 mesier
2011 2160 2170 2192 Bernabo
2202 2160 2267 2191 cha

1426 2215 1494 2246 alla
1516 2214 1646 2258 ghiesa.
1692 2214 1750 2245 Ma
1775 2213 2027 2245 considerando
2053 2214 2117 2245 mo'
2137 2215 2212 2251 che,
2229 2224 2265 2244 se

1428 2267 1583 2310 Bologna
1599 2267 1747 2309 viguisse
1765 2266 1796 2297 in
1817 2267 1846 2297 le
1866 2267 1962 2309 force
1981 2267 2024 2298 de
2042 2266 2167 2298 mesier
2183 2266 2267 2298 Ber-

1425 2320 1516 2353 nabo
1534 2320 1704 2361 predicto,
1729 2320 1761 2351 la
1785 2330 1952 2361 possanca
1977 2320 2020 2351 (le
2046 2320 2197 2362 caschun
2221 2321 2264 2351 de

1427 2373 1523 2415 quilli
1547 2373 1808 2405 descresserave
1833 2373 1932 2409 assai,
1957 2373 2032 2404 drio
2058 2372 2152 2404 molti
2186 2383 2264 2414 par-

1427 2427 1567 2458 lamenti
1592 2426 1676 2457 iacti
1695 2426 1737 2456 de
1756 2436 1821 2467 qua
1839 2432 1874 2457 et
1890 2425 1934 2456 de
1952 2425 1994 2462 la,
2011 2426 2080 2457 alla
2099 2426 2143 2457 fin
2162 2426 2265 2468 quisti

1427 2478 1566 2520 signori,
1590 2477 1712 2508 mesier
1736 2476 1928 2508 Francesco
1954 2476 2090 2508 Vechio
2115 2476 2160 2508 da
2183 2477 2266 2508 Car-

1427 2542 1514 2569 rara,
1539 2530 1596 2570 [el]
1618 2530 1738 2571 signor
1754 2529 1796 2560 de
1813 2529 1954 2561 Verona
1973 2536 2005 2561 et
2024 2530 2160 2567 Nicolb,
2177 2539 2265 2560 mar-

1428 2584 1530 2615 chese
1555 2583 1662 2620 d'Est,
1686 2593 1721 2613 se
1746 2582 1815 2624 ligo
1846 2582 2016 2614 insembre
2048 2593 2114 2614 con
2143 2582 2267 2614 mesier

1429 2637 1460 2668 lo
1485 2637 1597 2679 legato
1629 2641 1662 2667 et
1694 2645 1759 2667 con
1783 2635 1816 2666 la
1841 2636 1969 2667 Ghiesa
1994 2635 2037 2667 de
2062 2635 2175 2667 Roma
2199 2645 2263 2666 con

1426 2689 1527 2732 quisti
1540 2688 1642 2730 pacti,
1657 2690 1721 2720 che
1737 2689 1779 2719 de
1793 2695 1865 2719 trea
1879 2688 1986 2720 millia
2000 2688 2136 2726 cavalli,
2150 2688 2216 2719 che
2228 2698 2264 2718 se

1429 2743 1539 2774 dovea
1569 2741 1634 2778 far,
1662 2741 1695 2772 la
1725 2741 1807 2772 mita
1839 2741 1931 2772 della
1961 2751 2062 2783 spesa
2091 2741 2142 2772 sia
2174 2740 2266 2772 della

1429 2795 1557 2827 Ghiesa
1578 2800 1613 2825 et
1636 2793 1745 2824 l’altra
1770 2793 1850 2824 mita
1865 2795 1914 2824 sia
1932 2794 2021 2835 parti
2034 2804 2096 2835 per
2111 2799 2198 2824 ratta
2213 2798 2265 2824 tra

1430 2849 1437 2879 i
1463 2847 1599 2890 colliga,
1623 2853 1657 2878 et
1679 2853 1800 2889 questo
1824 2847 1867 2878 ad
1896 2847 2082 2879 deffender
2105 2853 2139 2878 et
2168 2857 2187 2877 a
2214 2857 2264 2877 re-

1429 2912 1551 2933 covrar
1586 2901 1593 2930 i
1626 2900 1756 2931 castelli
1788 2901 1961 2942 occupadi
1991 2901 2049 2932 del
2083 2906 2198 2932 terren
2221 2899 2265 2931 de

1521 3013 1560 3037 14.
1579 3004 1625 3035 da]
1646 3006 1688 3028 tra
1712 3005 1773 3028 l'E
1791 3019 1821 3020 j
1845 3004 1886 3035 ⁴36.
1907 3006 1963 3028 trio
1983 3005 2007 3026 P
