2422 3684
68 2837 98 2854 10

487 247 659 282 GESTA
685 248 987 284 MAGNIFICA
1018 247 1198 283 DOMUS
1229 247 1621 283 CARRARIENSIS

458 379 598 411 REDAz.
622 379 653 411 A

131 452 244 494 gentis
268 452 362 494 regie
386 461 594 487 remansere,
620 462 697 482 cum
720 451 876 483 subsidio
894 462 977 493 gen-

132 505 220 536 cium
246 505 418 547 magnifici
444 504 571 535 domini
596 504 771 535 Francisci
795 504 838 535 de
856 505 978 535 Carra-

131 559 181 589 ria
195 564 272 600 post
287 558 396 599 ipsius
408 567 580 588 recessum
599 557 702 599 longe
719 558 826 599 magis
843 565 976 598 exacto,

131 611 247 643 hostes
270 621 487 653 oppressere;
513 620 584 641 non
600 620 642 641 ne
669 610 764 641 circa
781 610 973 642 Tarvisium

132 665 263 705 primo¹
299 663 457 695 omnibus
487 673 604 694 eorum
636 663 837 694 animalibus
868 664 974 704 prede

131 717 302 759 expositis,
335 716 462 748 deinde
488 716 583 747 circa
606 715 807 747 Nervesiam
835 716 976 748 conflic-

129 777 200 802 tum
215 770 225 786 ²
245 781 320 802 cum
338 775 432 801 tanta
449 769 712 800 Tarvisinorum
727 768 858 799 iactura
871 769 976 800 hosti-

130 823 192 855 bus
215 823 416 860 intulerunt‚
443 832 509 853 nec
540 822 633 863 passi
664 821 890 852 Artemanum
917 832 973 852 co-

129 876 244 907 mitem
270 886 346 906 cum
370 881 515 917 quatuor
532 874 682 905 millibus
705 879 914 905 armatorum
931 874 973 905 de

130 929 363 961 Romandiola
387 928 431 960 ad
456 928 668 959 Venetorum
694 927 867 968 stipendia
892 938 974 958 con-

130 983 269 1014 ductum
294 981 444 1013 Tarvisii
462 988 577 1022 partes
594 981 773 1023 actingere
785 979 807 1010 ³.
854 981 897 1011 Et
921 991 974 1011 su-

128 1043 248 1077 perato
284 1036 423 1067 flumine
464 1035 591 1065 Brente
629 1040 712 1066 tunc
748 1039 974 1070 tumescente,

128 1099 235 1131 usque
260 1088 304 1119 ad
322 1088 437 1119 villam
454 1087 644 1128 Cafflogne,
662 1087 776 1118 locum
793 1087 972 1118 Vicentini

127 1141 303 1173 districtus
335 1141 470 1172 obviam
503 1146 754 1181 processerunt,
788 1140 974 1181 permixto-

127 1205 193 1238 que
216 1201 360 1237 utroque
384 1194 429 1225 ad
459 1203 609 1235 pugnarn
643 1194 806 1230 exercitu,
832 1193 971 1224 tandem

126 1254 204 1290 post
220 1248 341 1279 multas
358 1247 517 1288 gencium
536 1247 671 1278 comitis
687 1246 878 1278 occisiones
894 1257 971 1278 cum

126 1301 257 1344 ingenti
280 1301 456 1332 hominum
482 1306 515 1331 et
540 1311 705 1342 equorum
731 1300 839 1341 preda
864 1300 973 1331 victo-

126 1366 180 1386 res
203 1365 263 1385 sua
286 1356 331 1386 ad
356 1360 469 1386 castra
499 1354 690 1385 redieruut.
738 1354 877 1385 Interim
910 1364 972 1394 per

127 1409 258 1450 legatos
281 1407 403 1438 summi
428 1407 604 1447 pontificis
628 1407 719 1438 inter
743 1413 857 1447 partes
882 1412 972 1437 treu-

125 1471 192 1503 gue
217 1461 305 1491 fiunt
318 1460 329 1476 ⁴
354 1460 505 1501 quinque
523 1459 695 1490 mensibus
713 1460 886 1496 durature,
904 1469 970 1500 quo

126 1520 280 1554 tempore
305 1514 348 1545 de
373 1523 460 1554 pace
484 1518 663 1544 tractetur.
709 1513 859 1544 Mictunt
888 1523 971 1554 ergo

126 1568 240 1598 veneti
272 1567 402 1609 legatos
432 1576 510 1597 suos
532 1567 577 1597 ad
610 1576 746 1607 regem3
772 1577 836 1597 nec
862 1567 970 1597 minus

125 1621 234 1652 eciam
259 1619 322 1651 sub
337 1625 556 1661 treuguarum
576 1620 748 1650 velamine
767 1619 842 1651 loca
860 1631 919 1650 sua
938 1619 968 1650 in

124 1674 287 1705 tarvisino
318 1673 392 1704 solo
423 1673 575 1704 fulciunt
598 1673 794 1714 oportunis3
819 1673 880 1704 sed
912 1683 971 1704 co-

123 1737 195 1758 ram
227 1736 310 1768 rege
335 1737 404 1758 non
432 1726 616 1767 impetrata
640 1736 726 1767 pace
755 1726 969 1758 Venetorum

125 1781 228 1823 legati
252 1779 425 1812 Venecias
448 1780 605 1811 redeunt.
651 1779 808 1811 Mictitur
835 1791 899 1821 per
921 1791 969 1811 re-

124 1844 203 1876 gem
227 1833 411 1864 tarvisinas
439 1834 484 1865 ad
508 1839 624 1874 partes
649 1843 766 1864 comes
797 1833 971 1874 palatinus

125 1897 202 1918 cum
227 1893 373 1928 quatuor
396 1886 534 1917 milibus
566 1886 808 1928 Hungarorum
824 1886 844 1918 ⁵.
893 1887 970 1918 Hoc

124 1946 279 1980 tempore
303 1939 405 1971 Iadra
436 1940 559 1970 civitas
577 1938 587 1954 ⁵
620 1945 767 1970 tractatu
792 1940 969 1970 cuiusdam

123 1992 257 2024 abbatis
269 1999 303 2024 et
318 1993 509 2033 prudencia
522 1993 701 2034 magnifici
717 1992 846 2023 domini
862 1994 970 2024 Frau-

125 2047 209 2078 cisci
235 2047 277 2078 de
309 2045 480 2083 Carraria,
512 2046 614 2078 scalis
645 2048 691 2078 ad
723 2057 838 2078 muros
866 2053 968 2078 nocte

124 2100 306 2141 suspensis,
321 2100 364 2131 de
384 2100 521 2132 dicione
539 2100 724 2141 surripitur
744 2100 968 2137 Venetorum,

125 2153 299 2195 multeque
317 2153 494 2185 Dalmacie
514 2154 672 2185 civitates
696 2153 787 2184 fiunt
808 2154 892 2194 ipsis
914 2164 968 2184 re-

124 2206 242 2238 belles.
288 2206 438 2249 Magnus
468 2217 583 2238 comes
607 2217 673 2239 non
700 2208 810 2238 minus
834 2207 969 2238 tarvisi-

124 2270 205 2291 num
221 2266 332 2291 vastat
349 2260 466 2300 solum,
482 2272 558 2291 cum
573 2261 700 2291 auxilio
714 2261 875 2303 gencium
892 2271 969 2301 pre-

125 2312 207 2345 dicti
232 2312 364 2345 domini
389 2314 589 2346 Francisci⁷
613 2321 760 2346 castrum
785 2315 881 2356 capit
907 2313 970 2345 Se-

214 2451 220 2467 ¹
242 2451 378 2481 Comus„
400 2454 538 2482 Chronica,
553 2453 600 2483 XI,
619 2462 661 2478 10:
679 2454 690 2466 ‘⁴
703 2454 821 2478 Interim
838 2455 944 2486 Ungari
962 2454 1017 2477 Co-

128 2494 263 2525 “niglani
283 2495 487 2525 equitaverunt
511 2502 607 2519 versus
635 2496 808 2526 Tarvisium,
830 2498 859 2520 ut
886 2496 1018 2519 hostibus

128 2536 140 2549 ‘⁴'
153 2537 312 2566 obviarent,
334 2537 378 2560 vel
397 2537 532 2568 fugerunt
554 2539 581 2560 in
602 2537 787 2562 Tarvisinum
801 2556 825 2567 „.

213 2577 222 2592 ⁴²
244 2578 380 2610 Comus„
410 2580 547 2609 Chronica,
577 2580 623 2611 XI,
654 2587 697 2604 10:
732 2581 743 2593 ‘¹
757 2580 869 2609 Veneti,
890 2581 1020 2604 volentes

128 2622 242 2646 “adhuc
263 2623 364 2645 contra
384 2622 530 2644 stimulum
552 2621 710 2650 calcitrare,
731 2623 763 2646 ad
784 2626 878 2654 partes
898 2622 1020 2646 Nervcse

127 2666 138 2679 “
151 2665 290 2688 miserunt
312 2664 416 2687 milites
437 2665 586 2687 sexcentos
606 2667 633 2688 et
654 2665 762 2695 pedites
777 2666 851 2688 cirea
872 2665 984 2694 mille„.

213 2704 222 2718 ³
242 2705 381 2735 Comum„
404 2707 542 2735 Chronica,
565 2706 612 2733 XI,
633 2706 665 2730 S:
695 2707 818 2730 “Veneti
833 2724 839 2730 .
919 2714 1019 2738 procu-

127 2750 139 2762 ‘¹
150 2750 286 2772 raverunt
311 2748 412 2771 habere
430 2749 597 2771 sociotatem
612 2756 743 2779 magnam
764 2748 1020 2775 Theutonicomm,

129 2790 234 2822 “quani
261 2791 402 2814 duxerunt
428 2788 617 2821 Caldognum,
644 2791 784 2814 vicentini
812 2792 968 2818 districtus,
993 2792 1020 2814 et

130 2833 192 2856 “ibi
214 2833 306 2855 stabat
320 2832 350 2855 in
366 2833 426 2856 otio
439 2835 593 2863 expectans
608 2832 740 2856 Brentani
755 2833 937 2856 tumefactam
954 2833 1020 2856 labi.

130 2874 142 2887 ‘⁴'
153 2874 228 2898 Gens
250 2880 316 2897 vero
331 2875 404 2905 regis
419 2874 507 2898 sei-(m.
518 2891 524 2898 .
536 2890 543 2897 .
557 2890 563 2897 .
578 2882 626 2905 pei·
641 2882 751 2905 passum
767 2875 928 2898 Fontanivt¹
944 2876 1019 2897 trau-

129 2916 262 2940 “sierunt
282 2916 412 2940 Brentani
429 2918 455 2939 et
475 2918 574 2940 contra
594 2917 689 2940 hostes
709 2918 908 2948 pugnaverunt
930 2917 1017 2939 virili-

130 2958 142 2970 “
154 2959 205 2981 ter.
225 2957 310 2980 Pauci
326 2957 503 2985 occiduntur,
518 2957 673 2981 multitudo
688 2959 798 2989 capitur
812 2958 855 2981 vel
872 2959 986 2989 sugatur
998 2975 1020 2987 ‚,.

215 2998 224 3013 ⁴
246 3000 384 3030 CORTUS.y
407 2999 544 3029 Chronica,
565 2999 610 3027 XI,
634 3007 677 3023 10:
702 3000 713 3012 ‘¹
726 3001 821 3024 Mense
842 3001 976 3027 octobris,
993 3001 1019 3022 in

1042 877 1078 907 10

1041 1142 1075 1173 15

1035 1675 1073 1705 25

1033 1941 1072 1972 30

1925 248 1970 283 85

1458 380 1599 412 REDAz.
1624 380 1660 412 D

1136 453 1308 484 bastevole
1339 457 1459 483 atorno
1484 451 1634 488 Triviso‚
1659 462 1758 493 prese
1784 452 1815 482 la
1840 462 1900 484 soa
1924 453 1979 484 via

1135 516 1234 537 verso
1259 505 1377 536 Piave.
1424 505 1488 536 Del
1513 505 1621 545 partit
1645 504 1701 536 del
1724 505 1806 547 qual
1830 504 1901 537 cosi
1925 516 1979 537 su-

1135 558 1206 589 bito
1231 557 1514 589 meraveiandose
1537 557 1614 589 tutti
1638 557 1647 587 i
1672 557 1815 600 Ongari,
1840 558 1915 590 tutti
1946 558 1977 589 el

1135 610 1335 653 commenco
1370 621 1389 641 a
1422 609 1571 652 seguire,
1603 615 1637 640 et
1667 609 1775 640 allora
1807 610 1902 651 quilli
1934 611 1978 641 da

1135 663 1296 700 Venesia,
1313 662 1536 705 congregada
1552 663 1632 705 ogni
1651 663 1876 694 moltitudene
1889 663 1978 694 delle

1134 728 1171 749 so
1196 724 1298 758 gente
1324 717 1395 749 cosi
1419 718 1462 749 cla
1492 716 1547 758 pe’
1577 726 1676 748 como
1708 717 1751 747 da
1783 716 1926 752 cavallo,
1951 717 1976 747 si

1134 770 1303 801 condusse
1321 769 1352 799 el
1377 779 1414 800 so
1439 769 1523 800 duse
1548 768 1592 799 da
1616 767 1753 799 Triviso
1779 777 1798 798 a
1815 767 1977 799 Venesia.

1134 823 1194 853 Ma
1219 822 1250 853 el
1275 832 1311 852 re
1339 822 1381 853 de
1406 821 1595 864 Hongaria,
1626 822 1721 851 facta
1747 832 1766 851 a
1798 819 1975 863 Coneglan

1134 876 1166 906 la
1199 875 1334 906 stancia
1366 875 1409 906 de
1442 875 1484 905 tri
1517 874 1563 912 di,
1595 873 1685 915 parti
1718 873 1749 904 la
1779 879 1882 915 gente
1907 884 1976 911 soa,

1135 929 1195 970 coe
1222 939 1290 959 una
1314 928 1467 970 quantita
1498 927 1686 959 sofficiente
1712 925 1909 958 all’assedio
1932 926 1976 957 de

1133 982 1272 1012 Triviso
1300 988 1333 1012 et
1359 981 1389 1012 le
1421 982 1506 1012 altre
1538 990 1602 1021 per
1633 980 1644 1010 i
1677 979 1781 1021 luogi‚
1811 979 1876 1010 che
1909 979 1975 1010 ello

1133 1035 1244 1065 havea
1268 1033 1436 1075 acquista,
1461 1043 1524 1074 per
1547 1033 1731 1075 caschaun,
1756 1042 1855 1064 como
1878 1043 1915 1064 se
1931 1043 1975 1075 ge

1134 1089 1328 1130 convignia‚
1354 1094 1388 1119 et
1411 1088 1478 1128 poi,
1502 1088 1676 1129 passando
1700 1098 1763 1129 per
1787 1087 1916 1124 Sacile,
1939 1098 1974 1119 se

1133 1152 1175 1172 ne
1211 1141 1311 1172 torno
1343 1141 1377 1171 in
1408 1141 1595 1183 Hongaria,
1627 1139 1761 1172 besche
1797 1140 1894 1182 quilli
1931 1141 1975 1171 da

1133 1194 1283 1225 Venesia
1307 1204 1351 1224 no
1376 1204 1412 1224 se
1437 1203 1536 1234 posse
1560 1193 1664 1235 perci)
1689 1199 1814 1234 troppo
1839 1194 1975 1235 alegrar

1132 1247 1222 1278 della
1247 1248 1385 1289 partida
1409 1247 1465 1278 del
1491 1256 1539 1283 re,
1563 1246 1692 1287 perche
1726 1247 1756 1277 la
1780 1252 1884 1288 gente
1916 1246 1972 1278 del

1131 1312 1179 1338 re,
1204 1301 1269 1331 che
1296 1310 1439 1338 romase,
1471 1310 1537 1331 con
1567 1299 1716 1330 l’alturio
1747 1299 1836 1330 delle
1867 1306 1973 1342 gente

1131 1355 1185 1385 del
1212 1354 1395 1395 magnifico
1419 1353 1536 1395 signor
1559 1353 1685 1383 mesier
1709 1353 1904 1384 Francesco
1929 1354 1972 1384 da

1131 1408 1289 1442 Carrara,
1315 1407 1369 1448 po'
1395 1406 1426 1437 la
1449 1406 1586 1447 partida
1609 1405 1666 1437 del
1691 1406 1785 1437 dicto
1801 1417 1848 1442 re,
1867 1406 1973 1437 molto

1132 1467 1165 1491 et
1190 1460 1295 1491 molto
1320 1459 1379 1500 piu
1395 1469 1561 1500 oppreme
1585 1464 1619 1489 et
1636 1459 1844 1490 damnificha
1860 1458 1973 1489 Trivi-

1131 1524 1168 1545 so
1194 1525 1210 1544 e
1229 1513 1249 1543 'l
1275 1513 1429 1549 trivisan,
1454 1513 1519 1543 che
1544 1512 1601 1543 elli
1625 1523 1670 1543 no
1690 1512 1787 1543 fasea
1810 1512 1913 1554 nauci
1939 1512 1972 1543 la

1131 1568 1226 1598 dicta
1250 1566 1397 1607 partida.
1436 1565 1551 1596 Prima
1569 1565 1626 1596 elli
1644 1565 1756 1597 mecte
1775 1566 1874 1606 nauci
1893 1566 1970 1596 Tri-

1131 1623 1203 1652 viso
1216 1620 1292 1651 tutti
1307 1619 1316 1650 i
1330 1630 1367 1650 so
1382 1619 1518 1649 animali
1538 1629 1555 1649 a
1572 1618 1693 1660 preda,
1709 1625 1743 1650 et
1760 1619 1814 1660 po’
1831 1629 1971 1660 api-esso

1131 1686 1149 1705 a
1188 1672 1342 1703 Nervesa
1382 1671 1440 1702 elli
1473 1673 1651 1703 sconvisse
1695 1671 1769 1712 (sic)
1805 1671 1815 1702 i
1848 1671 1970 1703 nemisi

1130 1737 1196 1758 con
1213 1732 1309 1757 tanto
1328 1726 1454 1757 damno
1479 1724 1512 1755 di
1538 1724 1730 1759 Trivisani2
1755 1725 1798 1755 ne
1816 1725 1971 1756 anchora

1130 1778 1309 1820 comporto
1334 1778 1398 1809 che
1432 1778 1463 1808 el
1494 1784 1595 1808 conte
1630 1777 1864 1814 Archemano,
1904 1778 1970 1810 che

1130 1833 1227 1876 quilli
1253 1832 1296 1864 da
1322 1833 1473 1864 Venesia
1495 1832 1608 1863 havea
1632 1832 1718 1863 tolto
1743 1842 1762 1862 a
1786 1831 1886 1863 soldo
1904 1841 1970 1863 con

1129 1894 1250 1929 quatro
1267 1886 1372 1917 millia
1389 1886 1510 1916 cavalli
1528 1885 1561 1915 in
1578 1885 1610 1916 le
1635 1885 1755 1917 conttiz
1772 1885 1814 1916 de
1839 1886 1970 1917 Roma-

1128 1952 1207 1983 gnn,
1231 1949 1392 1982 concesse
1423 1940 1490 1970 alle
1515 1945 1612 1979 parte
1638 1939 1681 1969 de
1706 1938 1881 1975 trivisana,
1905 1939 1968 1970 che

1128 1994 1184 2025 elli
1209 2004 1252 2035 ge
1277 1993 1366 2024 ando
1390 1992 1549 2023 incontra
1571 1992 1676 2022 infima
1711 1991 1778 2022 alla
1809 1992 1890 2023 villa
1924 1991 1969 2023 de

1129 2047 1309 2088 Caldogna
1337 2052 1372 2077 et
1395 2046 1419 2075 si
1436 2046 1535 2086 passo
1553 2045 1582 2076 el
1600 2045 1701 2076 fiume
1718 2045 1809 2076 della
1829 2044 1969 2083 Brenta‚

1128 2100 1262 2132 benclie
1289 2099 1308 2128 ’l
1342 2099 1432 2130 fosse
1457 2108 1583 2139 grossa.
1623 2098 1666 2129 Et
1690 2099 1851 2129 mectudo
1878 2098 1968 2130 l’uno

1130 2160 1164 2184 et
1188 2152 1299 2183 l'altro
1323 2151 1474 2182 exercito
1498 2151 1552 2182 ale
1585 2161 1674 2188 man,
1706 2150 1772 2181 alla
1803 2151 1857 2190 fin,
1882 2151 1968 2182 oltra

1129 2207 1161 2237 la
1199 2211 1307 2236 morte
1340 2205 1383 2235 de
1413 2203 1519 2234 molte
1550 2210 1654 2246 gente
1687 2203 1730 2234 de
1761 2203 1875 2245 quelle
1911 2203 1967 2235 del

1129 2265 1231 2290 conte
1264 2258 1517 2293 Archemaan
1550 2256 1581 2287 la
1612 2262 1714 2299 gente
1747 2256 1782 2287 di
1814 2256 1897 2288 dicti
1930 2268 1966 2287 re

1129 2313 1171 2343 de
1196 2311 1371 2353 Hongaria
1388 2316 1422 2341 et
1438 2311 1554 2351 signor
1569 2310 1692 2341 mesier
1709 2311 1905 2341 Francesco
1923 2310 1967 2341 da

1075 2454 1086 2465 *³
1098 2460 1188 2484 regem
1209 2453 1237 2475 et
1251 2450 1373 2474 Venetos
1388 2452 1484 2480 tregue
1498 2450 1663 2472 statuuntur
1683 2457 1731 2480 per
1751 2449 1874 2480 quinque
1889 2456 1964 2472 men-

1076 2494 1151 2518 “scs.
1188 2494 1238 2516 His
1268 2494 1357 2515 unitis
1387 2492 1419 2514 <le
1450 2498 1516 2521 pace
1543 2499 1644 2522 magna
1675 2491 1789 2514 fuerunt
1820 2490 1964 2521 colloquia

1074 2536 1086 2548 “
1099 2537 1201 2567 absque
1223 2536 1314 2558 fructu
1329 2552 1350 2564 „.

1159 2578 1168 2592 s·
1188 2577 1325 2606 Comus„
1348 2576 1486 2603 Chronica,
1502 2575 1549 2606 XI,
1566 2582 1610 2599 10:
1628 2576 1720 2599 “Post
1736 2576 1785 2599 hec
1806 2582 1898 2599 comes
1917 2582 1963 2606 pa-

1072 2623 1083 2635 ¹‘
1097 2622 1213 2649 latinus,
1232 2627 1324 2642 mense
1344 2618 1417 2651 julii,
1439 2625 1501 2641 cum
1523 2618 1648 2641 exercitu
1670 2617 1863 2649 Coniglanum
1880 2620 1964 2647 etc-„-

1161 2661 1171 2677 6
1190 2663 1327 2690 Comus„
1349 2660 1488 2689 Chronica,
1508 2659 1556 2689 XI,
1581 2667 1626 2683 10:
1649 2662 1786 2684 “interim
1802 2661 1888 2683 abbas
1902 2667 1963 2683 san-

1074 2707 1134 2728 “i-ti
1158 2704 1289 2727 Miclielis
1310 2703 1342 2725 dc
1364 2702 1453 2725 Zadra
1474 2710 1535 2725 curn
1557 2702 1640 2725 scalis
1663 2703 1777 2726 induxit
1797 2710 1845 2733 per
1872 2708 1965 2725 muros

1074 2748 1206 2777 “gentmu
1228 2746 1300 2776 regis
1322 2746 1348 2767 in
1372 2744 1499 2773 zadram,
1527 2744 1573 2767 sed
1595 2746 1686 2775 primo
1708 2745 1888 2767 intraverunt
1911 2744 1963 2766 viri

1075 2789 1249 2812 “fortissimi
1265 2789 1291 2810 et
1306 2786 1413 2810 milites
1429 2787 1498 2809 socii
1520 2787 1629 2809 domini
1650 2786 1745 2809 Padue
1764 2799 1796 2803 —
1817 2788 1843 2809 et
1864 2785 1964 2809 ultimo

1075 2830 1229 2854 “obtinuit
1248 2836 1316 2860 gens
1337 2829 1410 2859 regis
1432 2828 1556 2860 Ungui-ie
1570 2845 1591 2859 η.

1163 2870 1172 2885 7
1199 2872 1334 2901 CORTL'S„
1364 2870 1502 2899 Clrmtim,
1527 2869 1574 2900 XI,
1603 2877 1648 2893 10:
1677 2870 1797 2893 “Mense
1816 2870 1899 2902 junii,
1918 2869 1964 2893 Sc-

1073 2913 1241 2937 “ravallum
1268 2913 1340 2935 same
1369 2914 1532 2943 superatum
1562 2912 1644 2936 datur
1674 2913 1742 2943 regi.
1779 2911 1810 2935 In
1840 2911 1964 2935 adventu

1074 2957 1086 2968 ‘¹
1103 2956 1217 2979 comitis
1232 2955 1355 2978 oerum-it
1372 2954 1479 2977 nobilis
1494 2954 1603 2985 legatio
1623 2955 1762 2985 paduana.
1798 2954 1854 2977 Eos
1874 2961 1964 2977 comes

1075 3000 1087 3012 ⁴¹
1100 3006 1190 3021 secum
1213 2998 1310 3020 habuit
1332 2999 1562 3022 reve-remen...
1596 2997 1648 3020 1110
1667 3004 1759 3020 comes
1780 2998 1824 3020 die
1843 3003 1881 3020 xx
1899 2997 1966 3029 julii

1996 2453 2024 2478 ις

1994 2667 2026 2683 20
