2422 3684
414 272 461 308 80
763 271 935 308 GESTA
964 269 1269 308 MAGNIFICA
1301 270 1485 308 DOMUS
1514 271 1903 310 CARRARIENSIS

735 406 875 438 Rssmz.
903 405 934 438 A

410 484 527 510 rerant
550 484 584 509 et
607 477 768 515 alia,non
792 477 901 509 minus
925 488 1025 520 quam
1051 478 1094 508 ad
1118 476 1247 508 victum

410 531 455 563 ad
489 541 622 572 pugnas
657 536 845 572 opurtuna:
872 531 923 561 his
953 530 1149 561 victualium
1185 535 1258 560 erat

411 585 566 626 penuria,
581 585 678 625 panis
702 583 851 614 libratim
878 584 1093 615 afferebatur
1110 588 1144 614 et
1160 593 1258 623 aqua,

411 649 480 670 non
504 645 668 680 quantum
701 638 745 668 ad
777 637 1055 678 conpescendam
1087 636 1260 667 sufficeret

411 691 664 727 necessitatem,
689 691 750 721 sed
774 698 810 721 ut
841 690 889 722 rei
921 690 1160 731 opportunitas
1189 689 1260 721 exi-

410 745 525 787 gebat.
561 744 606 775 Hi
631 744 728 775 novis
746 753 878 785 pugnas
896 743 1073 784 armigeris
1090 743 1258 774 instaura—

411 798 514 834 bant;
540 798 575 829 hi
607 797 850 829 defensoribus
881 797 1011 827 eisdem
1044 796 1259 837 vespertinas

411 851 578 882 fovebant
602 860 746 891 pugnas,
771 850 894 892 quibus
912 856 945 880 et
961 849 1136 880 matutinis
1153 849 1258 880 obsti-

410 909 534 934 terant.
581 902 653 934 Sed
677 902 759 944 quid
783 903 872 934 ultra
898 908 1075 942 expertum
1094 902 1258 933 habemus

411 956 522 987 mollis
547 966 635 998 aque
652 962 769 998 gutum
791 955 941 996 lapidem
959 966 1095 985 saxeum
1113 954 1257 986 assidui-

410 1015 480 1041 tate
505 1019 629 1040 cavare
655 1014 688 1039 et
712 1008 953 1050 frequentibus
984 1008 1114 1038 ferrum
1140 1007 1258 1038 usibus

411 1062 549 1094 aetriril
575 1062 633 1093 Sic
659 1068 694 1092 et
718 1062 808 1092 enim
833 1062 1017 1092 extrinseci
1046 1067 1114 1091 tam
1139 1061 1199 1092 diu
1224 1066 1258 1092 et

411 1116 516 1147 tantis
539 1121 612 1146 arte
630 1121 663 1146 et
679 1115 806 1146 virIbus
823 1114 1032 1151 institerunt,
1051 1114 1146 1156 quod
1164 1114 1258 1145 lacus

411 1179 507 1200 usum
533 1175 567 1199 et
591 1174 708 1199 cetera
731 1178 896 1209 aquarum
913 1167 1083 1208 suffragia
1099 1167 1257 1198 intrinse-

411 1221 461 1252 cis
489 1222 704 1260 ademerunt‚
735 1222 801 1252 hac
832 1231 998 1262 aquarum
1030 1219 1255 1251 incommodi-

410 1280 478 1306 ‘tate
503 1285 569 1305 non
596 1285 778 1315 parumper
801 1275 929 1306 territis
963 1274 1088 1315 vixque
1114 1273 1259 1305 ulterius

410 1326 642 1370 cogitantibus
667 1327 711 1358 de
734 1327 893 1358 defensa.

500 1436 574 1466 200.
591 1452 632 1456 —
651 1434 785 1465 Amissa
808 1434 988 1465 intrinseci
1006 1444 1104 1476 aqua,
1123 1444 1256 1465 omnem

409 1489 506 1530 quasi
538 1487 761 1528 desperantes
793 1498 905 1528 opem,
938 1487 1086 1518 consilia
1117 1487 1259 1527 capiunt

411 1541 495 1582 quid
518 1541 602 1581 ipsis
625 1541 667 1571 sit
690 1540 861 1582 agendum
888 1540 1045 1580 periculo
1063 1540 1259 1571 constitutis

410 1601 572 1626 extremo.
609 1594 701 1625 Inter
717 1603 801 1635 quos
819 1594 899 1625 hinc
917 1593 998 1624 inde
1015 1593 1170 1634 pluribus
1186 1593 1257 1635 agi-

409 1648 501 1685 tatis,
517 1648 562 1678 ad
580 1647 646 1678 hoc
671 1654 846 1687 postremo
870 1646 1055 1678 deventum
1084 1653 1135 1678 est
1158 1647 1258 1685 scire,

409 1707 456 1738 ut,
480 1701 506 1731 si
530 1699 733 1731 extrinsecis
757 1709 906 1731 castrum
939 1699 1098 1737 reddant,
1123 1700 1257 1741 qualem

409 1755 477 1785 sint
501 1764 577 1785 cum
594 1755 642 1785 eis
659 1753 900 1785 condicionem
927 1753 1086 1785 habituri.
1126 1752 1206 1790 Qua
1223 1764 1258 1785 re

410 1818 471 1848 per
494 1809 702 1838 intrinsecos
723 1807 838 1848 potius
855 1817 898 1838 ex
916 1807 1138 1838 incommodo
1156 1818 1258 1848 quam

410 1871 453 1891 ex
478 1861 653 1891 voluntate
678 1865 818 1896 tentata,
844 1860 966 1891 federe
997 1861 1136 1891 tandem
1169 1861 1258 1891 inter

411 1920 541 1954 partem
565 1920 745 1955 utramque
771 1923 970 1953 percussum
995 1920 1055 1949 est,
1079 1919 1114 1944 ut
1138 1913 1259 1944 intrin-

411 1968 493 2003 seci,
517 1966 672 2008 personis
695 1967 798 1998 salvis
823 1972 856 1997 et
881 1977 950 2003 ere,
975 1976 1192 2008 quocumque
1210 1967 1259 1998 eis

410 2021 559 2060 placeat,
591 2020 731 2051 liberam
766 2018 916 2050 habeant
947 2019 1128 2051 licenciam
1162 2029 1258 2051 rece-

412 2074 536 2109 dendi;
570 2073 755 2104 extrinseci
786 2083 869 2103 vero
903 2072 1002 2103 nudis
1033 2072 1069 2103 in
1100 2073 1258 2103 menibus

679 2125 820 2167 Sicque,
844 2124 1019 2167 promissis
1042 2126 1137 2156 iuxta
1156 2126 1258 2156 fedus

409 2180 581 2221 utrimque
599 2180 753 2216 servatis,
771 2179 930 2210 dominus
947 2178 1079 2210 Xichus
1097 2189 1174 2209 cum
1190 2179 1259 2210 suis

410 2232 580 2274 Levigum
608 2232 819 2274 ingreditur:
852 2231 1033 2263 intrinseci
1065 2241 1157 2268 vero,
1189 2240 1258 2273 quo

412 2295 530 2316 eorum
554 2286 620 2316 fuit
651 2285 847 2316 volumtatis
878 2294 940 2326 pro
975 2283 1068 2315 libito
1101 2284 1258 2315 deverte-

411 2345 500 2370 runt.

411 2132 632 2168 reponantur.

500 2436 574 2470 207.
598 2454 639 2458 ——
669 2435 822 2468 Subacta
852 2442 945 2467 terra
977 2435 1111 2477 Levigi‚
1142 2435 1259 2467 hostes

412 2499 493 2521 mox
506 2490 598 2521 circa
611 2490 725 2520 locum
742 2489 836 2521 Silve
850 2495 962 2520 castra
978 2494 1121 2529 ponunt.
1154 2488 1258 2519 Pree-

412 2549 465 2574 rat
486 2543 574 2573 enim
600 2543 694 2574 dicto
720 2542 798 2574 loco
822 2541 1015 2584 parmensis
1031 2542 1181 2583 quidam,
1199 2552 1256 2573 no—

412 2596 501 2627 mine
529 2595 726 2632 Andriotus‚
750 2595 809 2637 qui
827 2605 957 2635 paucos
975 2600 1051 2636 post
1068 2593 1259 2626 obsidionis

414 2649 501 2685 dies,
517 2649 614 2680 hoste
632 2647 732 2678 minis
748 2648 898 2689 graviter
914 2647 1062 2679 instante
1084 2646 1258 2688 riendique

414 2701 564 2732 cuniculi
589 2701 708 2732 timore
741 2701 804 2731 sibi
834 2701 994 2739 immisso,
1027 2700 1149 2732 federe
1181 2710 1258 2731 cum

414 2754 568 2785 hostibus
591 2753 672 2791 icto,
697 2760 844 2785 castrum
869 2754 978 2795 ipsum
1003 2764 1082 2785 mox
1107 2753 1260 2791 tradidit,

414 2807 569 2848 personis
592 2806 694 2838 salvis
718 2812 753 2837 et
777 2817 845 2838 ere.
892 2807 951 2838 Sic
980 2813 1014 2838 et
1047 2806 1259 2837 Rocabruna

413 2866 555 2900 propter
578 2859 714 2890 inanem
739 2859 978 2890 defensionem
1011 2859 1094 2900 ipsis
1125 2858 1167 2889 ab
1198 2859 1260 2890 ho—

413 2912 521 2944 stibus
544 2913 585 2944 de
605 2913 697 2943 facili
714 2912 868 2950 subacta,
894 2911 1093 2954 magnificus
1109 2913 1182 2952 ipse
1199 2910 1260 2942 do-

414 2967 524 2997 minus
556 2966 764 2997 Franciscus
796 2967 839 2996 de
870 2965 1039 3002 Carraria,
1073 2975 1150 2996 cum
1181 2974 1258 2995 eum

415 3020 591 3060 proximus
617 3019 771 3062 Hungari
790 3019 881 3061 regis
905 3019 1077 3051 exercitus
1092 3017 1137 3049 ad
1155 3018 1260 3049 maio-

1325 901 1362 931 10

1325 1166 1362 1197 15

1323 1489 1363 1517 20

1322 1751 1362 1783 25

1321 2017 1363 2048 30

1323 2601 1363 2631 40

1323 2865 1362 2896 45

1417 487 1528 508 meno.
1556 477 1589 509 A
1604 478 1700 520 quini
1725 479 1768 510 de
1785 479 1885 510 fuora
1901 488 2077 521 avancava
2095 477 2128 508 la
2145 477 2255 510 victo-

1415 530 1465 559 ria
1489 536 1524 560 et
1549 530 1578 561 le
1602 531 1688 562 altre
1707 541 1785 563 cose
1810 531 1992 574 bisognose
2011 531 2041 562 al
2059 530 2255 567 combater3

1417 593 1436 612 a
1460 583 1556 624 quilli
1580 585 1702 616 dentro
1726 586 1919 616 manchava
1945 584 1975 616 el
2001 585 2106 620 viver,
2121 593 2218 614 como
2237 593 2257 614 a

1418 636 1526 677 quilii,
1551 637 1615 668 che
1639 638 1693 668 fra
1717 638 1743 668 si
1774 649 1902 679 pesava
1926 639 1957 669 el
1981 647 2049 679 pan
2081 646 2101 668 e
2132 637 2255 678 l’aqua‚

1418 689 1461 721 de
1487 691 1551 721 che
1576 690 1633 721 elli
1658 691 1768 729 vivea‚
1793 691 1835 722 ne
1864 690 1908 722 de
1940 696 2059 732 questo
2095 690 2205 720 havea
2237 700 2256 721 a

1417 742 1625 774 sufficiencia
1649 743 1741 775 della
1765 745 1845 781 vita,
1868 755 1923 775 ma
1947 750 2074 786 quanto
2092 741 2257 774 richedea

1418 796 1449 826 el
1473 795 1630 838 bisogno.
1677 796 1787 834 Quilli
1812 798 1854 828 de
1878 798 1978 828 fuora
1995 801 2084 828 tutto
2104 796 2135 826 el
2152 795 2187 826 di
2203 806 2257 827 re-

1417 854 1555 880 storava
1578 849 1609 879 le
1634 859 1670 881 so
1695 850 1809 881 bataie
1835 850 1876 881 de
1901 860 1991 881 nova
2016 855 2134 891 gente:
2161 848 2257 891 quilli

1417 901 1552 940 demto,
1565 904 1628 933 che
1643 903 1823 935 combatea
1835 903 1868 934 la
1881 904 2020 939 matina,
2035 902 2129 944 quilli
2142 901 2258 933 mede-

1418 954 1493 985 simi
1510 955 1687 987 combatea
1704 956 1736 987 la
1752 967 1839 987 sera.
1873 955 1933 987 Ma
1949 956 2013 987 che
2029 955 2089 996 piu
2106 965 2150 986 no
2168 955 2257 986 sian-

1418 1009 1462 1040 do
1476 1008 1571 1050 quilli
1586 1008 1708 1040 dentro
1723 1009 1886 1041 bastevoli
1903 1009 1970 1039 alla
1984 1009 2118 1040 deffesa
2135 1014 2258 1040 contra

1417 1062 1514 1104 quilli
1541 1064 1584 1094 de
1609 1063 1720 1099 fuora,
1752 1062 1819 1093 alla
1851 1063 1928 1094 fini
1962 1062 2047 1094 dicti
2080 1061 2124 1093 de
2156 1062 2257 1093 suora

1417 1126 1482 1147 con
1501 1117 1648 1160 incegno
1663 1124 1698 1149 et
1711 1118 1806 1159 force
1824 1123 1918 1148 tanto
1936 1118 2105 1154 instean0‚
2119 1116 2185 1148 che
2199 1115 2258 1147 elli

1418 1170 1503 1202 tolse
1528 1171 1641 1212 l’aqua
1665 1171 1719 1203 del
1744 1172 1823 1214 lago
1849 1178 1882 1203 et
1906 1177 1991 1203 tutte
2016 1171 2048 1202 le
2081 1169 2257 1202 comodita

1418 1224 1508 1256 delle
1526 1225 1611 1256 altre
1629 1235 1715 1266 aque
1729 1236 1748 1256 a
1765 1225 1862 1266 quilli
1879 1224 2013 1256 dentro.
2045 1223 2111 1255 Per
2128 1224 2160 1260 la
2177 1223 2256 1265 qual

1417 1288 1508 1315 cosa,
1522 1278 1659 1310 smaridi
1676 1278 1773 1320 quilli
1786 1278 1921 1316 dentro,
1936 1278 2131 1319 vecandose
2150 1277 2257 1308 haver

1418 1342 1518 1372 perso
1544 1331 1666 1374 l'aqua‚
1691 1342 1710 1362 a
1733 1342 1824 1373 pena
1845 1331 1952 1372 penso
1977 1331 2036 1373 piu
2053 1332 2095 1361 de
2112 1330 2252 1362 deffesa.

1506 1438 1580 1469 206.
1609 1456 1645 1460 —
1672 1437 1854 1469 Habiando
1878 1437 1976 1480 quilli
2001 1438 2123 1469 dentro
2156 1447 2256 1478 persa

1416 1490 1540 1533 l'aqua,
1565 1490 1654 1522 omai
1685 1491 1901 1532 desperando
1934 1491 1976 1522 de
2012 1491 2091 1532 ogni
2121 1491 2257 1529 asturio,

1417 1543 1471 1574 fra
1493 1543 1521 1574 si
1544 1554 1580 1574 se
1606 1544 1755 1581 conseia,
1779 1543 1842 1575 che
1866 1543 1916 1574 sia
1940 1542 1984 1574 da
2008 1544 2062 1575 far
2089 1544 2124 1574 in
2156 1550 2254 1575 tanto

1417 1597 1585 1639 perigolo‚
1601 1598 1691 1628 intro
1707 1597 1718 1627 i
1736 1597 1830 1638 quali
1847 1597 2018 1628 rasonado
2035 1603 2069 1628 et
2086 1597 2180 1629 facto
2198 1597 2257 1638 piu

1417 1651 1545 1689 consei,
1577 1650 1644 1682 alla
1666 1649 1711 1680 fin
1734 1649 1792 1680 elli
1810 1659 1845 1680 se
1869 1649 1998 1682 acordo
2022 1661 2042 1681 a
2066 1656 2186 1691 questo
2211 1650 2276 1681 de*

1417 1703 1513 1735 voler
1535 1713 1635 1734 saver
1666 1703 1710 1734 da
1734 1702 1831 1745 quilli
1856 1703 1898 1734 de
1923 1703 2034 1741 fuora,
2065 1714 2101 1735 se
2134 1703 2180 1734 1111
2212 1713 2256 1746 ge

1418 1756 1547 1788 arende
1573 1757 1604 1788 la
1636 1757 1778 1797 forteca,
1805 1756 1870 1786 che
1894 1757 2079 1788 condicion
2110 1756 2168 1787 elli
2200 1755 2257 1787 de’

1417 1810 1521 1841 havet
1539 1819 1605 1841 con
1623 1809 1707 1840 loro.
1739 1809 1789 1840 La
1806 1808 1886 1850 qual
1905 1818 1985 1840 cosa
2003 1808 2178 1840 cerchada
2195 1819 2258 1850 per

1416 1864 1428 1894 i
1451 1862 1533 1894 dicti
1552 1863 1674 1894 dentro
1699 1861 1757 1902 piu
1781 1871 1844 1902 per
1867 1860 2011 1903 bisogno
2037 1862 2103 1892 cha
2120 1873 2181 1903 per
2199 1872 2257 1894 vo-

1419 1916 1568 1952 loutade,
1593 1915 1659 1946 alla
1683 1915 1727 1945 fin
1751 1922 1804 1945 tra
1826 1925 1895 1944 una
1918 1920 2016 1955 parte
2041 1920 2075 1946 et
2091 1915 2203 1946 l’altra
2219 1924 2256 1946 se

1418 1980 1529 2000 venne
1555 1981 1574 1999 a
1598 1973 1718 2010 questo
1753 1974 1860 2008 patto,
1893 1967 1956 1998 che
1993 1967 2091 2010 quilli
2123 1969 2258 2007 dentro,

1417 2022 1510 2054 salvo
1535 2021 1568 2052 lo
1593 2022 1720 2051 havere
1743 2027 1776 2051 et
1799 2020 1832 2051 le
1857 2031 2016 2061 persone,
2039 2031 2140 2062 possa
2175 2021 2256 2052 libe-

1417 2080 1571 2106 ramente
1610 2074 1730 2111 andar,
1769 2073 1800 2104 0’
1825 2073 1888 2104 che
1919 2074 1943 2103 11
1977 2074 2084 2114 piase,
2120 2080 2154 2105 et
2192 2074 2256 2105 che

1417 2128 1512 2170 quilli
1539 2129 1580 2158 de
1605 2128 1706 2158 fuora
1729 2126 1917 2157 solamente
1942 2128 1992 2157 sia
2007 2127 2198 2158 remeetudi
2222 2127 2256 2158 in

1418 2181 1450 2212 la
1475 2180 1564 2212 nuda
1589 2181 1731 2222 forteca.
1771 2179 1814 2210 Et
1837 2180 1917 2216 cosi,
1941 2179 2086 2211 servade
2118 2181 2149 2211 le
2178 2190 2258 2221 pro-

1418 2245 1526 2266 messe
1550 2239 1601 2264 tra
1625 2233 1656 2264 le
1680 2238 1789 2274 parte,
1813 2234 1936 2264 mesier
1961 2233 2079 2265 Xicho
2097 2234 2189 2264 coni
2206 2233 2258 2265 soi

1418 2287 1506 2318 intro
1531 2286 1565 2318 in
1588 2286 1621 2318 10
1639 2285 1779 2318 castello
1797 2286 1841 2317 de
1858 2285 1989 2328 Levigo
2007 2292 2041 2317 et
2057 2286 2154 2329 quilli
2172 2285 2256 2318 den-

1417 2344 1470 2370 tro
1494 2337 1597 2374 ando,
1623 2337 1711 2368 dove
1736 2337 1772 2368 fo
1798 2337 1842 2367 de
1866 2346 1904 2368 so
1931 2338 2080 2378 piasere.

1505 2433 1580 2467 207.
1603 2451 1645 2456 -
1669 2432 1799 2464 Siando
1822 2435 2084 2466 soctomectuda
2108 2434 2141 2466 la
2164 2440 2257 2466 terra

1417 2488 1460 2519 de
1486 2487 1614 2529 Levigo
1637 2488 1667 2518 ai
1686 2486 1816 2524 nemisi,
1832 2486 1942 2519 subito
1960 2488 2017 2518 elli
2035 2493 2147 2519 mecte
2164 2497 2258 2519 cam-

1418 2550 1461 2582 po
1486 2540 1621 2572 intorno
1647 2540 1677 2571 el
1703 2539 1844 2571 castello
1869 2541 1911 2572 de
1943 2541 2058 2578 Selva,
2088 2541 2143 2572 nel
2175 2540 2255 2583 qual

1417 2593 1521 2635 luogo
1545 2603 1603 2623 era
1628 2593 1800 2634 capitanio
1824 2603 1869 2624 un
1894 2604 2083 2634 parmesan,
2112 2593 2176 2626 che
2194 2595 2256 2624 ha-

1418 2656 1481 2677 vea
1505 2656 1604 2676 nome
1629 2645 1813 2684 AndriotO,
1838 2647 1870 2677 el
1894 2646 1973 2688 qual
1997 2647 2074 2679 drio
2097 2646 2202 2688 pochi
2220 2646 2254 2678 di

1417 2697 1647 2736 dell’assediQ
1663 2698 1912 2741 menacandolo
1927 2699 1937 2729 i
1956 2699 2075 2731 nemisi
2092 2700 2135 2730 de
2153 2699 2250 2730 fuora

1418 2752 1462 2784 de
1486 2753 1540 2784 sar
1563 2753 1654 2795 gacti
1679 2758 1713 2784 et
1734 2753 1820 2784 altre
1852 2763 1943 2790 cose,
1968 2753 1999 2784 ie
2023 2759 2134 2785 mecte
2160 2759 2253 2784 tanta

1417 2817 1533 2848 paura,
1558 2807 1633 2843 che,
1654 2806 1765 2838 subito
1790 2807 1884 2838 facto
1909 2813 2012 2848 pacto
2037 2807 2131 2838 coni
2149 2807 2254 2838 nemi-

1416 2857 1457 2894 si‚
1481 2856 1577 2888 salvo
1601 2857 1634 2888 lo
1658 2858 1785 2888 havere
1812 2863 1845 2888 et
1867 2857 1900 2888 la
1925 2867 2083 2898 persona,
2105 2857 2137 2889 ie
2162 2857 2206 2888 de
2224 2856 2256 2888 el

1418 2910 1514 2942 dicto
1538 2909 1692 2941 castello.
1728 2910 1772 2942 Et
1788 2910 1861 2941 cosi
1885 2910 2130 2948 Rochabruna,
2147 2920 2210 2952 per
2227 2909 2258 2941 la

1412 2963 1541 3001 ¹misera
1572 2963 1704 3013 deffesa
1735 2963 1830 2994 facta
1857 2963 1902 2994 da
1933 2963 2031 3006 quini
2060 2963 2195 3000 dentro,
2223 2962 2257 2993 in

1412 3017 1522 3057 *pochi
1548 3015 1582 3048 di
1606 3017 1643 3048 fo
1667 3016 1832 3048 renduda.
1873 3017 1933 3048 Ma
1956 3018 1975 3050 Ἰ
2007 3017 2190 3060 magnifico
2213 3017 2258 3048 si-
