2422 3684
475 257 646 292 GESTA
677 257 977 294 MAGNIFICA
1007 259 1192 294 DOMUS
1222 260 1617 297 CARRARIENSIS

455 388 593 421 REDAZ.
618 391 648 420 A

215 459 289 491 255.
314 479 355 483 —
378 461 534 498 Inducie,
560 472 624 503 que
651 461 738 493 inter
769 463 968 495 Tirolenses

126 514 224 546 ducis
249 513 386 545 Austrie
411 514 567 546 subditos
591 521 624 546 et
655 515 968 558 Vallasugauenses

128 567 307 609 magnifici
342 567 474 599 domini
513 567 692 599 Francisci
729 569 771 600 de
809 569 970 600 Carraria

125 621 283 652 subditos
306 631 412 662 usque
436 621 587 652 medium
613 622 753 653 fuerant
777 623 971 665 quadrage-

126 673 209 705 sime
234 679 431 715 prorogate.
446 674 488 704 de
513 675 652 705 comuni
678 675 824 716 partium
849 676 969 706 volun-

128 732 198 758 tate
224 737 329 768 usque
355 727 398 757 ad
424 726 634 768 quindenam
666 734 743 768 post
774 728 967 759 Pentheco-

127 785 212 816 sten,
230 789 296 821 que
313 779 387 810 dies
404 780 470 810 fuit
488 780 597 821 prima
612 780 705 817 iunii,
720 787 752 811 et
768 780 848 812 inde
861 791 970 822 usque

127 833 171 863 ad
195 832 269 864 dies
293 832 488 874 quindecim
514 833 636 864 mensis
661 835 794 875 augusti
817 833 878 865 sub
902 834 971 874 pri-

128 897 182 917 ma
198 887 309 918 forma
333 893 510 928 protracte
527 893 614 919 sunt.
652 886 731 924 Quo
750 893 905 927 tempore
923 886 970 916 vi-

129 939 258 970 delicet
284 940 326 971 de
352 949 469 971 mense
495 940 624 981 aprilis,
647 940 728 970 unio
753 945 874 971 contra
899 940 971 970 Ro-

128 993 273 1033 dulfum,
298 992 434 1025 Austrie
453 993 590 1031 ducem,
608 994 695 1024 inter
714 993 970 1035 aquilegensem

128 1046 359 1086 patriarcham
383 1053 417 1077 et
440 1047 672 1084 Mainardum,
697 1046 841 1078 Goricie
867 1046 971 1077 comi-

128 1105 209 1137 tem,
233 1100 392 1141 perfecta
415 1106 476 1131 est.

219 1259 292 1290 250.
311 1276 351 1280 —
368 1258 554 1295 Rodulfus‚
579 1257 716 1290 Austrie
736 1259 815 1295 dux,
832 1259 971 1290 iniuria-

129 1323 202 1342 rum
227 1311 436 1352 impatie[n}s
460 1311 496 1342 in
514 1311 673 1343 Foriiulii
690 1312 845 1353 partibus
869 1323 971 1354 super

129 1375 265 1396 suorum
305 1365 545 1397 debellacione
582 1371 810 1406 receptarum,
836 1372 869 1397 et
904 1366 970 1397 hoc

129 1418 236 1461 magis
259 1418 401 1449 aliorum
425 1419 618 1460 sugestibus
642 1429 743 1460 quam
774 1429 834 1450 sua
867 1419 969 1450 animi

127 1471 313 1507 voluntate,
326 1481 392 1502 nec
415 1471 536 1502 videns
560 1478 701 1512 propter
718 1472 880 1503 unionem
900 1473 973 1503 fac-

129 1531 196 1555 tam
221 1525 308 1556 inter
333 1525 473 1556 Goricie
499 1525 658 1556 comitem
678 1531 712 1556 et
728 1526 971 1566 patriarcham,

128 1578 221 1609 unde
256 1578 291 1608 in
314 1577 468 1619 partibus
500 1578 661 1610 Foriiulii
694 1578 757 1609 nisi
788 1589 850 1620 per
882 1579 972 1610 fines

128 1631 234 1671 ipsius
258 1631 392 1662 comitis
415 1630 543 1662 habere
569 1638 683 1673 posset
707 1642 896 1670 accessum,
918 1643 971 1663 ra-

130 1690 183 1715 tus
206 1690 257 1715 est
273 1684 336 1716 sub
353 1684 511 1715 scutiferi
528 1685 646 1715 habitu
663 1695 724 1725 per
741 1685 971 1716 Tirolensium

129 1737 221 1768 fines
245 1737 419 1769 Veronam
442 1738 593 1780 indeque
626 1738 863 1770 Mediolanum
895 1749 973 1780 pro-

130 1791 248 1823 ficisci.
271 1791 412 1833 Sicque,
429 1802 491 1832 per
506 1798 667 1823 montana
685 1791 879 1823 discurrens
895 1793 972 1824 loca

130 1845 230 1876 valde
256 1845 389 1876 salebra
414 1846 471 1876 die
504 1851 690 1887 noctuque,
714 1845 817 1877 sociis
840 1852 971 1877 tantum

130 1899 282 1940 quinque
307 1899 498 1935 comitatus,
524 1899 632 1939 pedes
648 1898 803 1930 Tirolum
829 1899 970 1930 tandem

130 1952 235 1989 venit,
259 1962 403 1993 corpore
427 1951 514 1984 adeo
539 1958 573 1983 et
597 1953 745 1993 pedibus
778 1953 971 1995 languidus,

130 2005 223 2046 quod
247 2004 365 2036 diebus
390 2005 514 2041 multis,
528 2005 650 2047 quibus
674 2005 755 2037 inde
780 2016 815 2036 se
832 2016 970 2037 movere

129 2067 198 2089 non
221 2058 343 2099 potuit,
368 2068 449 2100 egre
466 2058 582 2089 iacuit.
614 2059 674 2090 Set
691 2059 840 2096 tandem,
865 2060 971 2100 ipsius
1006 2081 1015 2086 -

129 2111 379 2142 solicitantibus
403 2121 581 2142 accessum
598 2108 748 2143 dominis
765 2111 970 2144 Bernabone

132 2169 165 2194 et
189 2162 426 2205 Canesignoro
459 2164 535 2195 dela
564 2165 678 2199 Scala,
709 2166 831 2197 emulis
864 2167 970 2207 ipsius
1006 2179 1007 2182 ¹

130 2216 307 2258 magnifici
325 2215 453 2247 domini
470 2217 646 2250 Francisci
673 2219 715 2250 de
733 2218 904 2257 Carraria,
922 2222 970 2251 uti

131 2269 238 2300 visum
277 2269 407 2300 effectu
442 2270 555 2302 extitit
593 2281 747 2312 operum,
783 2273 971 2304 semisanus

130 2323 335 2354 Tridentum
360 2323 511 2360 advenit,
525 2323 581 2355 ubi
607 2322 739 2355 Blasius
764 2326 806 2356 de
831 2326 971 2358 Castro-

130 2386 231 2413 novo,
244 2377 417 2418 quondam
434 2375 599 2408 Anthonii
616 2377 715 2414 filius,
728 2388 791 2419 per
808 2378 970 2410 interme-

130 2429 207 2460 dios
231 2435 353 2460 contra
375 2429 484 2470 ipsum
506 2430 730 2472 magnificum
747 2431 969 2463 Franciscum

131 2493 206 2513 cum
221 2482 295 2524 ipso
308 2482 384 2514 iniit
397 2483 439 2514 de
451 2482 641 2514 rebellione
659 2489 852 2521 tractatum,
869 2495 970 2527 quam

129 2542 272 2576 propter
303 2535 483 2567 instantem
514 2541 692 2578 treuguam
725 2537 800 2578 ipse
836 2537 970 2569 Blasius

129 2594 211 2619 tunc
236 2599 305 2620 non
329 2599 431 2619 ausus
455 2589 520 2620 fuit
551 2590 695 2631 aperire,
719 2598 752 2622 et
781 2601 842 2631 pro
874 2591 971 2622 cuius

131 2641 236 2672 Blasii
259 2641 367 2673 tutela
390 2642 464 2682 ipse
489 2643 697 2684 magnificus
729 2644 885 2675 dominus
913 2655 971 2675 an-

130 2695 225 2736 tiquo
248 2705 284 2725 se
308 2701 518 2736 opposuerat
539 2694 682 2727 Sichoni
706 2697 888 2740 ipsumque
918 2704 971 2729 tu-

130 2753 219 2778 tatus
236 2747 357 2786 fuerat,
371 2759 431 2780 sue
447 2748 628 2780 addiciens
646 2750 777 2781 dicioni
794 2751 969 2789 Tasinum,

130 2801 245 2831 locum
269 2810 430 2842 pecorum
456 2803 592 2842 pascuis
609 2809 735 2844 aptum,
752 2815 850 2845 quem
877 2804 970 2845 prius

129 2854 204 2895 ipse
228 2855 332 2886 Sicho
356 2855 506 2886 tenebat.
553 2856 596 2887 Et
620 2857 687 2888 hoc
711 2863 877 2898 tempore,
901 2868 969 2899 quo

131 2907 267 2939 inclitus
292 2908 466 2951 Hungarie
491 2920 552 2940 rex
577 2911 788 2941 territorium
813 2911 971 2942 devasta-

132 2960 189 2991 bat
204 2961 415 2992 tarvisinum.
451 2963 556 2994 Cuius
582 2965 673 3006 regis
697 2964 968 3005 interposicione

132 3015 339 3056 magnificus
363 3015 434 3056 ipse
460 3017 617 3047 dominus
640 3017 728 3055 loca,
753 3028 819 3059 que
848 3017 880 3047 in
912 3017 971 3048 ‘tri-

1041 888 1077 916 10

1041 1151 1077 1182 15

1040 1738 1076 1770 25

1037 2009 1077 2039 30

1036 2543 1074 2572 ⁴0

1003 2800 1073 2836 '45

1918 266 1984 302 127

1455 392 1596 424 REnAz.
1623 393 1654 424 D

1219 462 1291 494 255.
1326 483 1365 487 —
1398 463 1438 494 El
1474 470 1628 495 termene
1662 465 1752 496 della
1784 471 1915 508 treuga,
1940 467 1973 498 la

1131 517 1208 556 quai
1235 527 1294 547 era
1325 524 1376 548 tra
1407 517 1505 558 quilli
1537 517 1593 548 del
1625 518 1732 554 Tiral‚
1764 519 1892 550 subditi
1918 520 1973 551 del

1131 569 1214 600 cluse
1233 569 1276 600 de
1294 570 1465 607 Ostorico‚
1490 576 1523 601 et
1547 570 1644 612 quilli
1661 571 1703 601 de
1728 571 1973 613 VaHasugana,

1130 621 1256 652 subditi
1282 622 1337 652 del
1362 621 1545 665 magnifico
1569 623 1686 665 signor
1717 625 1842 655 mesier
1868 625 1975 656 Fran-

1133 684 1234 706 cesco
1267 674 1310 705 da
1342 675 1498 713 Carrara,
1530 676 1561 706 el
1596 675 1677 717 qual
1711 676 1790 707 finia
1825 688 1844 708 a
1877 689 1974 720 meca

1132 738 1342 770 quai-esemel,
1366 729 1409 759 de
1435 739 1559 760 comuu
1577 730 1673 761 voler
1697 730 1788 761 delle
1814 737 1911 771 parte
1937 731 1973 762 fo

1132 782 1347 823 prolongado
1372 782 1417 813 fin
1443 793 1461 812 a
1486 783 1517 813 di
1541 783 1710 824 quindese
1736 783 1809 814 drio
1834 785 1865 815 la
1882 784 1973 816 Pen-

1133 840 1276 872 tecoste,
1299 836 1332 866 el
1356 837 1435 877 qual
1459 835 1495 866 di
1518 836 1555 867 fo
1580 836 1612 867 el
1644 837 1754 877 primo
1781 837 1824 869 de
1849 848 1973 880 cugno,

1132 893 1167 919 et
1191 888 1235 919 da
1257 888 1338 929 quel
1363 888 1397 920 di
1415 889 1471 930 poi
1490 890 1556 920 fina
1573 900 1592 920 a
1609 890 1775 931 quindese
1792 890 1835 921 de
1853 897 1973 933 agosto

1133 951 1198 972 con
1222 941 1253 972 le
1278 941 1386 982 prime
1411 943 1608 974 condicion.
1642 942 1682 973 In
1698 943 1732 974 lo
1749 943 1828 985 qual
1847 949 1974 985 tempo,

1133 994 1195 1035 coe
1209 994 1266 1025 del
1288 1005 1378 1025 mese
1397 995 1439 1026 de
1457 995 1574 1032 avrile,
1591 996 1695 1026 union
1713 1002 1764 1027 tra
1782 996 1813 1027 el
1832 998 1976 1037 patriar-

1133 1048 1197 1078 cha
1223 1046 1385 1090 d'Agolia
1409 1059 1427 1079 e
1453 1049 1473 1079 ’1
1504 1057 1606 1080 conte
1637 1048 1682 1080 da
1715 1049 1854 1092 Gorica,
1886 1051 1974 1081 Mai-

1132 1100 1251 1137 nardo,
1274 1101 1311 1132 fo
1338 1100 1446 1132 ferma
1465 1109 1583 1133 contra
1600 1102 1632 1133 el
1650 1103 1733 1134 duse
1750 1103 1906 1135 Rodolfo
1931 1105 1973 1135 de

1133 1153 1304 1185 Ostorico.

1221 1259 1295 1291 256.
1313 1278 1355 1282 —
1372 1261 1538 1298 Rodolfo,
1557 1261 1640 1294 duse
1659 1262 1701 1294 cle
1719 1262 1891 1301 Ostorico‚
1910 1264 1973 1294 im-

1134 1313 1294 1354 paciente
1318 1314 1361 1345 de
1386 1314 1553 1357 l’ineurie,
1579 1315 1642 1346 che
1667 1315 1734 1347 ello
1752 1316 1860 1348 havea
1877 1327 1974 1348 rece-

1134 1367 1221 1397 vude
1246 1367 1279 1397 in
1305 1366 1336 1398 le
1360 1373 1457 1408 parte
1482 1367 1539 1399 del
1562 1368 1667 1400 Frioli
1693 1380 1793 1400 sovra
1818 1371 1850 1401 el
1881 1381 1975 1402 com-

1134 1420 1231 1451 bater
1255 1420 1290 1451 di
1315 1420 1363 1452 soi
1389 1426 1423 1452 et
1447 1421 1481 1453 di
1505 1432 1541 1453 so
1567 1422 1710 1458 castelli,
1727 1429 1761 1453 et
1778 1429 1898 1464 questo
1916 1423 1974 1464 piu

1133 1484 1152 1504 a
1174 1473 1374 1515 suggestion
1397 1475 1440 1505 de
1465 1475 1565 1505 altrui
1590 1476 1657 1506 cha
1680 1476 1722 1506 de
1747 1487 1806 1507 soa
1825 1476 1973 1513 volonta,

1134 1537 1178 1558 no
1204 1527 1358 1568 vecando
1384 1537 1444 1567 per
1468 1527 1499 1558 la
1523 1528 1627 1559 union
1647 1529 1741 1559 facta
1761 1529 1850 1560 intro
1867 1531 1898 1561 el
1916 1540 1975 1571 pa-

1134 1580 1284 1611 triarcha
1308 1579 1472 1623 d'Agolia
1497 1586 1530 1612 et
1561 1581 1592 1612 el
1624 1588 1724 1612 conte
1758 1583 1802 1614 da
1835 1583 1972 1624 Gorica‚

1133 1634 1225 1664 unde
1250 1632 1316 1664 ello
1342 1643 1499 1674 possesse
1524 1634 1630 1665 haver
1656 1635 1711 1665 via
1739 1635 1773 1666 in
1811 1636 1843 1666 le
1876 1642 1973 1676 parte

1133 1686 1188 1717 del
1213 1686 1330 1723 FrioH,
1362 1696 1398 1717 se
1429 1697 1474 1718 no
1498 1697 1561 1728 per
1585 1688 1616 1719 lo
1647 1694 1763 1719 terren
1794 1689 1851 1720 del
1880 1689 1972 1721 dicto

1134 1745 1235 1771 conte
1261 1740 1304 1771 de
1330 1740 1483 1778 Goricia‚
1508 1751 1543 1771 se
1574 1741 1681 1782 penso
1714 1742 1755 1772 de
1787 1752 1906 1783 passar
1938 1743 1973 1773 in

1133 1792 1243 1824 forma
1261 1793 1302 1824 de
1320 1793 1467 1824 schuero
1483 1803 1545 1834 per
1561 1793 1652 1825 dicto
1670 1800 1784 1826 terren
1800 1795 1855 1827 del
1873 1795 1971 1826 Tiral

1134 1853 1167 1877 et
1191 1843 1298 1877 andar
1322 1856 1341 1876 a
1365 1846 1515 1884 Verona,
1541 1853 1573 1878 et
1602 1846 1659 1887 po’
1683 1848 1726 1879 da
1751 1847 1891 1880 Verona
1914 1859 1974 1879 an-

1133 1899 1195 1930 dar
1219 1910 1239 1930 a
1261 1898 1382 1930 Milan.
1418 1899 1461 1931 Et
1478 1899 1549 1931 cosi
1564 1901 1739 1942 vignando
1757 1911 1775 1932 a
1792 1901 1846 1942 pe'
1863 1912 1926 1942 per
1942 1901 1971 1933 le

1133 1958 1314 1994 montagne
1338 1958 1371 1983 et
1395 1952 1489 1994 luogi
1513 1952 1679 1991 selvestri,
1709 1954 1972 1996 acompagnado

1131 2005 1318 2037 solamente
1343 2006 1386 2037 de
1411 2005 1534 2047 cinque
1567 2007 1763 2049 compagni,
1794 2018 1906 2038 venne
1936 2008 1971 2038 in

1133 2058 1237 2097 Tiral‚
1263 2064 1295 2089 et
1320 2058 1367 2088 ivi
1392 2058 1419 2089 si
1437 2059 1593 2090 enfermo
1619 2059 1675 2090 dal
1693 2070 1797 2100 corpo
1815 2067 1849 2091 et
1865 2060 1899 2091 di
1917 2060 1971 2102 pi'e

1133 2112 1196 2142 che
1222 2111 1243 2142 'l
1267 2121 1445 2143 convenne
1470 2122 1566 2154 (gaser
1590 2112 1613 2143 li
1645 2113 1741 2144 molti
1767 2114 1875 2156 corni,
1907 2114 1971 2145 che

1133 2164 1200 2195 ello
1226 2175 1269 2196 no
1292 2176 1327 2196 se
1353 2164 1451 2206 posse
1475 2166 1614 2206 partire.
1663 2166 1720 2197 Ma
1745 2178 1808 2208 pur
1832 2167 1898 2198 alla
1917 2168 1971 2204 tin,

1131 2217 1336 2249 solicitando
1363 2218 1393 2249 el
1418 2228 1454 2249 so
1471 2219 1599 2249 andare
1624 2219 1747 2251 mesier
1766 2220 1921 2252 Bernabo
1939 2226 1973 2251 et

1131 2270 1357 2314 Cansignore‚
1389 2271 1509 2303 nemisi
1540 2271 1597 2303 del
1632 2274 1823 2315 magnifico
1855 2274 1972 2317 signor

1130 2325 1253 2356 mesier
1277 2325 1469 2356 Francesco
1494 2325 1537 2356 da
1561 2326 1718 2363 Carrara,
1747 2337 1846 2358 como
1870 2337 1970 2368 parse

1130 2389 1193 2418 per
1229 2388 1322 2416 ovra,
1356 2388 1433 2408 men
1469 2378 1533 2409 cha
1568 2389 1666 2421 1116ςο
1701 2390 1782 2410 sano
1816 2391 1925 2411 venne
1951 2391 1970 2411 a

1130 2433 1272 2467 Tremo,
1290 2437 1323 2462 et
1348 2431 1368 2461 li
1395 2431 1509 2463 Blasio
1526 2431 1570 2463 da
1589 2433 1733 2475 Grigno,
1751 2433 1834 2465 tiolo
1852 2434 1886 2465 in
1904 2445 1971 2476 qua

1129 2485 1165 2516 in
1182 2485 1257 2517 drio
1272 2485 1314 2515 de
1328 2483 1504 2516 Anthonio
1518 2486 1561 2517 da
1573 2485 1792 2524 Castelnovo‚
1806 2497 1867 2528 per
1880 2498 1971 2519 ame-

1130 2544 1285 2579 camento
1309 2538 1351 2569 de
1374 2538 1490 2580 alguni
1517 2539 1681 2581 comeneo
1706 2540 1738 2570 el
1754 2541 1863 2571 tracta
1879 2540 1971 2572 della

1129 2591 1306 2630 rebellion,
1332 2591 1363 2621 la
1388 2591 1466 2632 qual
1498 2602 1560 2632 per
1589 2592 1621 2623 la
1650 2600 1782 2635 treuga,
1814 2594 1878 2625 che
1910 2605 1970 2625 era

1128 2644 1246 2683 allora,
1268 2644 1335 2675 ello
1359 2655 1402 2675 no
1420 2644 1456 2675 fo
1473 2645 1595 2676 ardido
1614 2647 1655 2677 de
1679 2647 1868 2679 descovrir.
1903 2647 1970 2678 Per

1131 2697 1262 2728 deffesa
1289 2696 1344 2728 del
1361 2698 1439 2738 qual
1465 2697 1577 2729 Blasio
1595 2699 1627 2730 el
1643 2700 1830 2742 magnifico
1853 2702 1970 2741 signor

1129 2751 1250 2781 mesier
1282 2750 1477 2781 Francesco
1510 2751 1621 2783 havea
1651 2762 1752 2794 preso
1786 2753 1817 2784 la
1845 2763 1969 2795 guerra

1129 2813 1193 2834 con
1219 2802 1343 2833 mesier
1366 2802 1480 2834 Xicho
1505 2804 1639 2845 vechio,
1663 2810 1697 2836 et
1722 2815 1765 2835 no
1783 2805 1967 2838 solamente

1130 2857 1161 2888 el
1186 2856 1327 2892 deffese,
1346 2866 1399 2886 ma
1416 2856 1483 2888 eilo
1507 2857 1635 2899 aconc‘e
1652 2858 1719 2888 alla
1737 2868 1795 2889 soa
1818 2859 1969 2902 signoria

1128 2909 1246 2947 Tasin,
1270 2909 1373 2951 luogo
1398 2920 1530 2952 acone«)
1554 2921 1573 2941 a
1598 2912 1725 2952 pascoli
1751 2912 1794 2942 de
1819 2913 1967 2949 animali,

1094 3000 1096 3009 y
1130 2963 1160 2992 el
1185 2963 1263 3003 qual
1289 2962 1388 3004 luogo
1414 2963 1521 3003 prima
1546 2964 1662 3005 tegnia
1679 2964 1709 2994 el
1728 2964 1822 2996 dicto
1847 2966 1969 2996 mesiel·

1130 3016 1248 3047 Xicho
1274 3016 1405 3048 vechio.
1444 3017 1487 3048 Et
1512 3017 1547 3048 t'o
1572 3025 1691 3059 questo
1711 3020 1744 3048 al
1762 3025 1886 3060 tempo,
1903 3019 1966 3051 che
