2422 3684
418 246 487 280 114
756 244 930 280 GESTA
960 244 1263 280 MAGNIFICA
1293 245 1478 281 DOMUS
1508 245 1900 282 CARRARIENSIS

731 375 870 408 REDAz.
897 376 928 407 A

413 447 546 479 crimini
570 457 637 478 non
662 447 810 485 modico,
841 446 1046 479 victualibus
1080 446 1253 478 deficien-

412 501 512 535 tibus,
543 500 752 532 subiacebat.
800 500 948 541 Propter
978 500 1071 541 quod
1095 500 1159 541 ipsi
1182 511 1253 530 rna-

413 555 533 596 gnifici
559 554 690 585 domini
715 554 919 585 Franciscus
946 554 1062 585 senior
1085 558 1119 584 et
1142 559 1252 585 esten-

413 609 459 639 sis
483 607 646 647 marchio,
679 617 714 638 se
746 608 904 639 videntes
937 607 1063 644 illusos,
1094 607 1252 638 fecerunt

413 672 475 702 per
499 661 648 703 legatum
666 660 708 692 de
727 661 792 692 hoc
809 660 883 701 ipso
901 659 1040 690 domino
1056 659 1251 691 Bernaboni

413 715 587 756 querelam
613 714 751 754 exponi,
772 720 806 744 et
830 713 934 744 nichil
953 713 1094 753 profuit,
1119 723 1161 743 ex
1185 723 1252 753 quo

412 767 475 808 ipsi
490 767 670 809 magnifici
685 766 815 798 domini
832 776 893 807 pro
910 771 991 796 tunc
1005 775 1072 796 nou
1090 771 1253 796 curarunt

413 821 555 852 mictere
579 821 725 851 nuncios
740 830 818 851 suos
838 821 882 850 ad
900 819 1028 850 curiam
1046 819 1251 851 Romanam.

413 885 480 916 quo
504 875 571 905 iam
603 874 737 915 legatus
768 874 852 914 ipse,
884 873 1042 904 dominus
1074 872 1253 904 Bernabos

413 934 447 959 et
471 927 631 959 dominus
655 927 734 958 dela
759 927 859 958 Scala
884 937 946 967 pro
972 926 1131 957 habenda
1155 936 1253 967 pace,

413 991 513 1023 quam
547 981 613 1011 iam
645 980 832 1017 habebant,
862 990 942 1011 suos
977 979 1149 1010 miserant.
1194 977 1254 1010 Set

412 1034 565 1066 ultimate
589 1034 747 1065 videntes
770 1034 837 1064 hoc
854 1043 954 1074 posse
971 1033 1083 1073 potius
1100 1033 1143 1063 ad
1160 1032 1255 1062 dam-

414 1098 493 1118 num
518 1097 619 1128 quam
642 1087 687 1117 ad
710 1086 900 1127 proficuum
926 1086 975 1116 eis
999 1086 1137 1121 cedere,
1161 1084 1254 1125 ipsos

413 1140 551 1171 tandem
583 1149 661 1171 suos
691 1139 835 1170 nuncios
867 1139 1029 1170 miserant
1057 1143 1254 1178 expectatos

414 1203 475 1234 per
506 1203 641 1234 papam,
672 1192 718 1223 uti
750 1193 783 1223 ei
807 1192 970 1232 scriptum
998 1191 1110 1222 fuerat
1135 1197 1170 1222 et
1193 1200 1255 1231 per

413 1246 525 1287 ipsum
544 1245 652 1277 eciam
677 1255 887 1286 responsum.
934 1245 970 1275 In
998 1244 1156 1275 Romana
1182 1250 1256 1274 tan-

414 1300 491 1330 dem
516 1299 620 1337 curia,
644 1299 757 1330 multis
782 1299 863 1329 hinc
892 1298 972 1329 inde
999 1297 1146 1340 agitatis,
1172 1307 1254 1328 con-

413 1353 543 1384 clusum
570 1358 620 1383 est
643 1353 737 1393 quod
756 1361 818 1392 per
834 1351 1077 1382 clunacensem
1097 1350 1256 1381 cardina-

413 1407 482 1437 lem
505 1406 669 1447 legatum,
700 1410 881 1436 venturum
915 1415 992 1435 cum
1023 1404 1127 1444 plena
1158 1409 1255 1444 pote-

414 1465 500 1490 state
540 1458 789 1495 Romandiole2
830 1457 994 1493 Bononie,
1037 1456 1254 1492 Lombardie,

414 1511 513 1543 Istrie
538 1517 572 1542 et
596 1511 751 1553 Forjulii‚
775 1521 849 1542 cum
868 1520 1036 1541 consensu
1055 1516 1166 1540 tamen
1185 1509 1256 1540 col-

414 1565 593 1607 ligatorum
613 1563 877 1595 concluderetur
900 1564 934 1593 in
959 1574 1057 1604 pace,
1075 1569 1128 1594 set
1143 1563 1255 1603 primo

414 1625 461 1655 ut,
479 1618 678 1660 consignata
695 1623 789 1648 certa
817 1617 965 1657 pecunie
983 1616 1174 1657 quantitate
1190 1615 1255 1656 ipsi

414 1673 553 1704 domino
577 1671 771 1702 Bernaboni
797 1669 1037 1710 persolvende,
1062 1675 1174 1700 castra
1198 1679 1256 1699 oc-

415 1731 539 1767 cupata
574 1731 607 1756 et
642 1729 838 1755 constructe
873 1723 996 1754 bastite
1033 1722 1160 1754 nuncio
1193 1732 1255 1763 per

413 1779 563 1822 legatum
588 1777 764 1808 mictendo
789 1777 1087 1818 consignarentur.

502 1886 576 1916 241.
607 1902 651 1906 »-
682 1884 771 1914 Ante
804 1884 866 1914 hos
889 1892 1044 1913 rumores
1068 1881 1253 1922 Rodans,

414 1939 482 1970 dux
506 1937 656 1973 Austrie,
674 1937 825 1978 quodam
841 1936 999 1967 simulato
1017 1936 1144 1971 colore,
1162 1936 1254 1976 quod

413 2003 623 2035 germanam,
648 1998 685 2022 ut
710 1991 878 2027 ferebant,
898 1996 1122 2031 pregnantem
1141 1990 1253 2020 visita-

413 2052 507 2077 turus
525 2045 734 2081 accessisset,
752 2054 818 2085 que
844 2043 1142 2084 banduburgensis
1166 2054 1251 2073 mar-

413 2098 544 2130 chionis
560 2098 732 2139 quondam
746 2096 919 2127 Mainardi
933 2106 1022 2126 uxor
1035 2097 1159 2133 fuerat,
1176 2106 1251 2127 cum

413 2152 520 2182 multo
544 2150 650 2181 milite
675 2150 870 2181 comitatum
896 2149 1024 2180 Tirolis
1048 2156 1081 2179 et
1104 2149 1252 2180 Triden—

412 2210 482 2235 tum
507 2209 737 2244 occupaturus
765 2203 899 2238 invasit,
923 2202 1046 2244 quibus
1077 2202 1250 2233 comitatui

413 2264 447 2289 et
470 2257 600 2288 civitati
626 2263 733 2287 mater
750 2256 905 2286 defuncti
922 2265 1096 2297 germana,
1113 2261 1149 2286 ut
1165 2255 1253 2286 rela-

412 2318 481 2343 tum
500 2317 559 2347 est,
577 2310 613 2340 in
631 2310 879 2340 dominacione
898 2314 1044 2349 preerat.
1077 2308 1133 2339 Ad
1151 2318 1251 2350 quem

413 2363 525 2395 locum
550 2369 730 2404 postquam
754 2362 912 2397 accessit,
944 2362 1032 2392 adeo
1056 2367 1150 2392 tanta
1174 2371 1252 2391 usus

413 2423 463 2447 est
479 2416 667 2458 sagacitate
692 2422 828 2456 tamque
853 2425 887 2446 se
911 2415 1031 2446 leviter
1053 2415 1157 2456 gessit
1175 2423 1250 2444 cum

412 2469 615 2501 consiliariis
640 2475 673 2500 et
697 2468 881 2500 baronibus
905 2468 1058 2498 eiusdem
1083 2467 1252 2498 marchio-

412 2522 513 2562 nisse,
538 2523 631 2564 quod
656 2522 924 2553 circumventam
949 2521 993 2552 ad
1011 2520 1085 2551 eius
1101 2520 1251 2560 postula—

412 2576 547 2607 cionem
566 2581 599 2606 et
615 2574 748 2606 libitum
764 2574 913 2611 inclusit,
930 2583 994 2605 nec
1012 2573 1142 2604 destitit
1158 2573 1251 2614 quod

411 2628 572 2659 tirolense
599 2634 746 2658 castrum
771 2637 845 2657 cum
871 2626 1089 2667 appendiciis
1117 2625 1187 2656 suis
1218 2631 1252 2656 et

412 2681 622 2712 habitatores
651 2686 868 2711 sacramento
901 2679 963 2710 sibi
996 2678 1170 2710 fidelitatis
1200 2688 1252 2708 as-

411 2734 539 2766 trinxit.
571 2733 729 2764 Perrexit
745 2733 870 2763 deinde
887 2731 1104 2768 Tridentum,
1122 2737 1157 2762 et
1173 2741 1249 2762 cum

412 2786 692 2828 promissionibus
715 2786 758 2816 de
790 2785 972 2816 tribuendo
996 2785 1060 2816 sibi
1085 2785 1251 2825 episcopo

412 2839 456 2871 de
496 2841 598 2870 domo
637 2838 909 2881 ottemburgensi
951 2838 1093 2879 aliisque
1136 2836 1251 2868 multis

413 2892 556 2923 adiectis
591 2891 834 2932 sponsionibus
868 2897 902 2922 et
932 2890 1089 2930 cautelis,
1123 2884 1251 2920 terram

412 2945 521 2986 ipsam
545 2944 705 2978 Tridenti
731 2944 805 2976 aliis
837 2943 973 2975 addidit
997 2942 1185 2984 acquisitis,
1215 2941 1249 2972 in

413 2997 519 3030 verba
554 2998 770 3039 postmodum
802 2997 987 3028 inhonesta
1022 3003 1248 3037 prorumpens

1321 873 1358 902 10

1322 1133 1357 1164 15

1319 1401 1360 1431 20

1321 1665 1361 1697 25

1318 1984 1358 2014 30

1318 2244 1358 2276 35

1316 2510 1357 2540 40

1317 2774 1357 2805 45

1732 378 1871 410 REDAZ.
1896 378 1932 410 D

1411 449 1587 481 marchese
1619 450 1662 481 de
1687 449 1759 488 Est,
1782 461 1844 491 per
1868 449 1992 481 mesier
2014 450 2047 481 lo
2074 449 2190 491 legato
2215 455 2250 481 et

1411 512 1448 533 so
1473 503 1600 544 proprii
1624 502 1823 534 ambaxaori
1847 502 1890 534 de
1917 509 2036 545 questo
2062 513 2105 533 en
2128 502 2172 533 fe’
2194 502 2248 533 far

1410 555 1552 597 querela
1575 556 1675 598 nauci
1699 567 1718 586 a
1741 556 1867 587 mesier
1891 555 2059 592 Bernaba),
2077 561 2112 586 et
2135 555 2249 586 niente

1412 608 1507 649 ςονὸ.
1553 608 1620 639 Per
1645 609 1676 640 la
1699 609 1778 652 qual
1803 619 1884 640 cosa
1908 609 1919 638 i
1946 607 2095 649 predicti
2119 608 2251 649 magni-

1411 660 1465 692 fici
1490 661 1621 701 signori
1645 672 1688 693 no
1713 662 1795 694 curo
1821 672 1883 702 per
1905 661 2012 692 allora
2029 661 2170 691 mandat
2186 660 2195 690 i
2211 670 2250 692 so

1411 713 1609 745 ambaxaori
1641 714 1709 746 alla
1740 721 1835 746 corte
1866 724 2020 750 romana,
2051 713 2082 745 o’
2115 713 2179 745 che
2211 712 2251 755 ca

1412 767 1536 798 mesier
1551 767 1584 799 lo
1603 768 1726 810 legato,
1747 768 1789 799 e’l
1807 768 1920 810 signor
1937 769 2061 798 mesier
2079 765 2251 803 Bernabo,

1411 820 1443 851 el
1470 820 1588 863 signor
1611 821 1703 852 dalla
1727 821 1828 853 Scala
1855 821 1964 851 havea
1988 819 2150 850 mandadi
2175 819 2251 850 isoi

1411 882 1473 913 per
1490 875 1733 905 cerchamento
1751 874 1842 905 della
1858 883 1954 915 pase,
1972 873 2036 904 che
2054 873 2122 904 ello
2142 873 2251 903 havea

1412 924 1462 967 ca.
1508 926 1567 957 Ma
1593 937 1655 968 pur
1679 927 1746 957 alla
1772 927 1846 963 fine,
1871 926 2028 968 vecando
2053 925 2166 956 idicti
2182 935 2252 956 ma-

1411 979 1528 1020 gnifici
1544 980 1672 1021 signori
1689 980 1812 1011 mesier
1830 981 2023 1011 Francesco
2042 979 2086 1010 da
2103 978 2251 1010 Carrara

1413 1037 1448 1063 et
1466 1032 1599 1070 Nicolb,
1615 1033 1792 1064 marchese
1810 1033 1845 1064 di
1864 1033 1935 1070 Est,
1953 1037 2072 1073 questo
2090 1039 2251 1072 posserge

1413 1085 1470 1125 piu
1486 1091 1603 1116 tornar
1615 1097 1635 1116 a
1652 1086 1776 1117 damno
1794 1086 1858 1117 cha
1874 1086 1978 1121 mele,
1994 1083 2120 1115 mando
2138 1084 2146 1114 i
2164 1083 2251 1115 dicti

1413 1147 1450 1169 so
1473 1138 1574 1170 messi
1599 1149 1618 1169 a
1642 1144 1749 1178 corte,
1778 1137 1964 1179 expectadi
1995 1147 2058 1179 per
2083 1137 2116 1168 10
2148 1147 2252 1178 papa,

1413 1201 1508 1223 come
1532 1202 1575 1234 ge
1601 1202 1659 1223 era
1681 1198 1732 1222 sta
1755 1192 1896 1232 scripto.
1943 1191 1986 1222 Et
2010 1190 2080 1221 cosi
2102 1189 2138 1221 in
2156 1195 2251 1221 corte

1413 1244 1456 1276 de
1481 1255 1548 1286 qua
1572 1251 1606 1276 et
1630 1245 1672 1276 de
1698 1245 1728 1276 Ιὲ.
1753 1244 1844 1287 agita
1866 1244 1972 1275 molte
1998 1253 2088 1281 cose,
2113 1242 2180 1274 alla
2207 1244 2252 1275 fin

1414 1298 1451 1330 fo
1476 1297 1640 1330 concluso
1666 1298 1730 1330 che
1753 1307 1816 1339 per
1839 1298 1872 1329 lo
1898 1297 2061 1328 cardenal
2085 1296 2120 1327 di
2153 1296 2253 1328 Colo-

1413 1351 1506 1394 guin,
1520 1351 1553 1382 el
1577 1351 1652 1394 qual
1680 1352 1793 1383 dovea
1817 1351 1928 1394 vignir
1953 1351 2068 1392 legato
2086 1360 2154 1381 con
2171 1351 2249 1391 plen

1415 1403 1577 1436 mandato
1601 1405 1635 1436 in
1659 1405 1692 1436 le
1716 1405 1804 1445 parti
1829 1404 1872 1435 de
1896 1404 2089 1446 Romagna‚
2115 1404 2159 1434 de
2187 1402 2254 1434 Βο-

1415 1458 1529 1499 logna,
1554 1458 1597 1489 de
1615 1457 1833 1495 Lombardia,
1853 1457 1896 1488 de
1914 1457 2012 1488 Istria
2029 1463 2063 1488 et
2081 1457 2115 1488 di
2135 1457 2252 1495 Frioli,

1415 1513 1507 1546 fosse
1542 1512 1707 1543 concluso
1740 1512 1775 1542 in
1812 1511 1843 1542 la
1868 1520 1949 1551 pase
1983 1520 2048 1541 con
2081 1510 2254 1541 cousinte-

1417 1571 1531 1597 mento
1556 1565 1589 1596 di
1621 1564 1793 1607 colligadi‚
1821 1574 1875 1594 ma
1907 1564 1970 1594 che
1994 1563 2115 1605 prima,
2143 1563 2254 1594 consi-

1416 1619 1531 1662 gnada
1556 1625 1649 1650 certa
1673 1617 1826 1660 quantita
1851 1618 1894 1648 de
1918 1617 2066 1657 pecunia
2089 1616 2121 1647 al
2138 1616 2254 1659 signor

1416 1672 1541 1704 mesier
1571 1670 1740 1709 Bernabb,
1771 1671 1780 1701 i
1805 1670 1935 1702 castelli
1959 1669 2130 1710 occupadi
2164 1675 2198 1701 et
2220 1669 2252 1701 le
2268 1668 2277 1674 ²

1415 1725 1524 1757 bastie
1551 1725 1645 1756 facte
1670 1724 1759 1756 fosse
1784 1723 1993 1765 consignade
2018 1723 2049 1753 al
2074 1732 2184 1754 messo
2209 1723 2252 1754 de

1415 1778 1536 1809 mesier
1560 1778 1592 1809 lo
1617 1777 1740 1820 legato.

1501 1886 1575 1916 241.
1599 1901 1640 1907 —-
1669 1883 1776 1925 Nanci
1801 1894 1820 1914 a
1847 1889 1967 1924 queste
1998 1882 2147 1920 novelle,
2178 1882 2250 1914 Ro-

1413 1937 1523 1975 dulfo,
1556 1938 1638 1968 duse
1671 1936 1715 1968 de
1741 1936 1909 1972 Osterico‚
1941 1935 2107 1966 simulado
2134 1935 2250 1967 colore

1414 1989 1538 2021 ch’ello
1569 1988 1716 2030 viguisse
1753 1998 1770 2018 a
1802 1987 1928 2018 vedere
1958 1996 1995 2017 so
2024 1986 2144 2017 cusina
2174 1996 2252 2028 gra-

1415 2040 1511 2077 veda,
1536 2049 1635 2072 como
1659 2049 1695 2070 se
1719 2038 1825 2074 disee,
1849 2038 1881 2069 la
1905 2037 1982 2079 qual
2002 2048 2061 2068 era
2076 2043 2127 2067 sta
2146 2037 2251 2068 moier

1413 2092 1456 2123 de
1481 2090 1676 2126 Mahuudo,
1700 2089 1877 2120 marchese
1895 2088 1938 2119 de
1956 2087 2250 2130 Brandemburgo,

1414 2154 1524 2175 venne
1538 2153 1603 2175 con
1620 2142 1724 2174 molta
1740 2147 1841 2184 gente
1858 2152 1919 2182 per
1936 2151 2087 2181 occupat
2104 2141 2133 2171 el
2149 2139 2252 2172 conta

1413 2197 1447 2228 di
1471 2197 1587 2228 Tirale
1617 2202 1651 2227 et
1683 2197 1714 2226 la
1739 2195 1805 2226 cita
1842 2195 1885 2226 de
1917 2195 2060 2229 Tremo.
2092 2194 2123 2224 ai
2156 2193 2251 2235 quali

1413 2249 1561 2282 contado
1584 2255 1618 2281 et
1642 2249 1755 2280 citade
1780 2258 1882 2278 sovra
1899 2258 1957 2278 era
1972 2247 2005 2277 la
2024 2246 2117 2278 dicta
2133 2256 2171 2278 so
2191 2256 2249 2277 co-

1413 2305 1495 2335 sina.
1542 2303 1587 2334 Al
1610 2302 1690 2344 qual
1714 2302 1817 2343 luogo
1842 2300 1896 2341 po‘
1923 2300 1987 2331 che
2013 2299 2033 2331 ’l
2059 2301 2094 2331 fo
2111 2305 2249 2342 aconto‚

1413 2356 1479 2388 ello
1503 2355 1563 2386 uso
1588 2361 1680 2386 tanta
1704 2354 1835 2385 astucia
1860 2360 1893 2385 et
1923 2363 2029 2393 sappe
2067 2353 2093 2383 si
2131 2352 2249 2384 dolce-

1411 2414 1524 2440 mente
1547 2407 1728 2450 portar[se]
1753 2416 1817 2438 con
1843 2406 1852 2436 i
1876 2407 1997 2438 baroni
2029 2405 2120 2437 della
2155 2405 2248 2437 dicta

1411 2473 1448 2494 so
1465 2461 1592 2497 cesina,
1607 2462 1671 2491 che
1688 2461 1921 2503 signorecava,
1934 2461 1999 2490 0110
2014 2459 2080 2490 ello
2098 2459 2130 2490 la
2146 2469 2244 2500 prese

1411 2521 1445 2546 et
1469 2516 1555 2546 have
1579 2524 1598 2544 a
1622 2523 1659 2544 so
1684 2519 1781 2554 posta
1805 2513 1836 2543 el
1862 2513 1968 2543 castel
1992 2512 2049 2544 del
2069 2511 2164 2542 Tiral
2182 2522 2248 2543 con

1409 2573 1494 2600 tutte
1518 2567 1549 2598 le
1566 2577 1602 2598 so
1620 2567 1750 2608 fortece
1767 2572 1801 2598 et
1818 2566 1863 2597 fe'
1881 2565 1946 2597 che
1966 2565 2041 2596 tutti
2059 2564 2072 2595 i
2097 2564 2243 2596 abitaori

1411 2621 1514 2664 icuro
1539 2620 1679 2651 fedelta.
1726 2618 1785 2650 Po'
1811 2618 1978 2649 cavalcho
2003 2629 2021 2649 a
2045 2618 2188 2654 Trento,
2213 2623 2247 2648 et

1411 2684 1476 2706 con
1492 2683 1665 2714 promesse
1683 2673 1725 2702 de
1750 2673 1856 2713 darge
1880 2681 2027 2703 vescovo
2050 2671 2144 2702 della
2167 2679 2247 2701 casa

1412 2728 1454 2759 de
1480 2725 1709 2767 Otremborgo
1733 2731 1767 2756 et
1791 2735 1857 2756 con
1881 2725 1983 2755 molte
2008 2723 2094 2755 altre
2114 2733 2152 2755 so
2170 2733 2248 2763 pro·-

1411 2789 1521 2811 messe
1543 2778 1610 2809 ello
1633 2778 1752 2819 soiugb
1779 2777 1808 2808 la
1833 2777 1901 2808 cita
1918 2777 1960 2808 de
1978 2776 2110 2808 Trento
2130 2785 2248 2816 presso

1411 2833 1477 2863 alle
1497 2832 1592 2862 altre.
1640 2831 1684 2861 Et
1709 2830 1815 2861 allora
1839 2829 1893 2870 po'
1919 2829 2085 2871 comenco
2114 2840 2133 2860 a
2163 2835 2249 2859 stra-

1411 2884 1524 2926 parlar
1548 2888 1668 2914 contra
1699 2883 1731 2914 el
1767 2882 1950 2924 magnifico
1976 2883 2094 2924 signor
2124 2881 2245 2912 mesier

1411 2939 1606 2970 Francesco
1632 2938 1675 2967 da
1700 2935 1857 2973 Carrara,
1890 2934 2042 2977 digando
2079 2935 2143 2966 che
2179 2933 2246 2965 ello

1411 3001 1588 3031 occupava
1602 2990 1718 3020 Feltre
1733 3000 1749 3020 e
1764 2988 1908 3026 Civiale‚
1923 2988 2014 3031 luogi
2029 2989 2072 3019 de
2085 2998 2122 3019 so
2135 2996 2245 3018 rason.

2402 977 2419 1173 Ξ

2401 1177 2419 1459 ξ
