2422 3684
475 234 647 272 GESTA
674 235 978 273 MAGNIFICA
1007 237 1189 273 DOMUS
1218 236 1608 273 CARRARIENSIS
1938 241 1983 274 45

156 312 728 319 h....-.............„fl-....‚.--,-..<.-—----—-----—---
984 315 1000 317 .‚
1200 316 1214 317 W
1357 316 1371 319 ..
1404 316 1409 318 .
1472 316 1523 318 ..μὴ
1556 317 1791 320 Δήὼὴμμῇψγη

151 369 362 409 precedente
393 367 667 409 dispensacione,
693 368 810 409 nuptie
835 369 1050 406 ordinantur,
1074 379 1136 410 pro
1161 369 1284 411 quibus
1310 369 1446 401 Verone
1472 369 1648 401 celebrata
1672 371 1738 402 fuit
1763 371 1858 402 curia
1880 381 1986 414 gene—

150 422 241 462 ralis,
266 422 323 453 ubi
347 421 462 454 cuncti
485 421 601 452 Brixie
625 421 758 452 nobiles
782 427 814 452 et
831 422 941 453 tocius
959 422 1116 453 Marchie
1134 433 1210 453 curn
1237 422 1493 454 Veronensibus
1518 430 1764 462 convenerunt,
1781 424 1936 456 similiter
1954 431 1987 456 et

149 475 289 506 domine
314 474 450 506 nobiles
481 485 558 505 cum
591 474 789 515 pulcerimis
813 475 956 505 vestium
994 475 1226 516 apparatibus.
1274 476 1424 507 Militum
1450 482 1483 507 et
1514 476 1693 507 istrionum
1727 476 1792 508 fuit
1822 477 1986 509 comitiva

149 528 377 568 permaxima;
403 527 555 568 undique
580 527 671 558 dona
694 526 933 558 habundanter
956 528 1105 560 affluunt
1125 539 1144 558 a
1169 528 1375 566 civitatibus,
1401 529 1532 565 castris,
1556 528 1698 566 civibus,
1724 529 1859 561 clericis
1876 531 1988 571 priva-

151 580 264 622 tisque
290 580 457 622 personis.
506 580 609 611 Fiunt
634 579 806 617 astiludia‚
830 580 945 617 iostre,
960 583 1125 619 torneria‚
1142 582 1324 624 omniaque
1342 583 1540 624 excogitata
1563 582 1705 613 solacia.
1752 583 1856 614 Curia
1873 590 1985 614 autem

149 634 320 675 generalis
338 634 403 665 fuit
422 643 445 664 x
468 633 613 671 dierum,
637 633 682 664 ad
706 643 807 674 quam
832 634 974 664 fuerunt
991 641 1104 666 vestes
1120 636 1372 677 quadringente
1389 641 1596 677 presentate.
1629 635 1778 677 Nupciis
1795 647 1877 667 vero
1898 637 1988 668 cele-

151 685 256 717 bratis
274 687 432 718 dominus
449 685 623 717 Mamilius
648 686 760 717 cuntis
785 687 998 724 dominabus,
1023 688 1186 719 militibus
1207 689 1351 730 aliisque
1377 688 1548 720 nobilibus
1572 698 1613 719 ac
1634 688 1834 720 istrionibus
1852 690 1988 730 pulcra-

149 751 222 770 rum
246 740 390 772 vestium
415 740 502 770 fecit
525 739 714 780 pulcerima
738 738 845 771 dona:
871 739 994 781 quibus
1018 747 1131 772 autem
1156 748 1269 772 vestes
1297 742 1472 779 defecere,
1505 741 1658 783 providit
1687 742 1723 772 in
1756 748 1900 784 argento
1935 743 1987 774 vel

150 803 243 824 auro.
288 793 340 823 De
366 792 464 824 donis
481 798 516 824 et
539 791 727 823 honoribus
751 791 872 823 ultimo
898 794 1054 825 omnibus
1078 794 1235 825 referens
1259 801 1373 837 grates
1396 795 1545 826 infinitas
1570 794 1750 826 licenciam
1777 795 1872 827 dedit
1889 805 1986 827 rece-

88 845 126 876 10
149 845 267 876 dendi.
312 845 356 876 Et
379 845 475 877 fuere
499 845 660 886 predicta
685 843 1002 883 MCCCXXXHH,
1028 847 1084 878 die
1110 857 1177 879 xnt
1203 847 1287 878 iulii.

86 1216 122 1248 15

81 1535 121 1566 20

80 1801 121 1833 25

81 2113 123 2144 30

81 2431 121 2463 35

102 2792 114 2817 5

240 952 312 984 130.
335 951 435 993 [13Ο].
460 969 503 974 -
526 951 628 983 Anno
653 951 780 983 domini
806 951 1090 989 MCCCXXXV,
1114 954 1157 984 de
1180 964 1296 985 mense
1320 954 1535 996 septembris,
1566 955 1724 986 dominus
1747 955 1920 987 Marsilius
1944 956 1986 986 de

143 1005 303 1037 Carraria
326 1004 542 1036 renunciavit
565 1005 721 1047 regimen
746 1003 862 1035 Brixie
878 1004 899 1043 ¹,
925 1005 979 1035 cui
1011 1006 1177 1037 successit
1207 1008 1241 1037 in
1273 1008 1366 1038 dicto
1390 1008 1557 1050 regimine
1591 1008 1747 1040 dominus
1779 1007 1987 1040 Manfredus

147 1058 303 1089 marchio
327 1058 531 1100 Malaspina.

240 1162 310 1194 131.
335 1162 435 1203 [[31].
463 1181 500 1186 -
523 1162 656 1194 Eodem
679 1162 869 1206 millesimo,
894 1163 1063 1195 existente
1087 1164 1211 1195 Parma
1235 1165 1374 1197 obsessa
1397 1177 1459 1208 per
1483 1167 1640 1199 dominos
1669 1168 1748 1200 dela
1772 1168 1885 1205 Scala,
1911 1179 1987 1199 cum

146 1216 269 1258 quibus
293 1217 395 1259 ligam
419 1217 614 1248 iuraverant
645 1216 776 1248 domini
808 1216 905 1259 Acco
936 1218 1152 1255 Vicecomes,
1184 1219 1322 1262 Oppico
1355 1221 1499 1252 estensis
1530 1221 1696 1257 marchio,
1721 1221 1917 1253 Lodovicus
1942 1222 1985 1254 de

147 1271 315 1313 Goncaga
337 1276 371 1302 et
395 1280 541 1301 comune
566 1270 750 1302 Florencie
763 1269 786 1308 ²,
808 1270 937 1301 domini
962 1272 1004 1302 de
1031 1271 1175 1309 Rubeis‚
1199 1273 1333 1305 scilicet
1358 1273 1553 1311 Rolanclus,
1584 1274 1768 1313 Mamilius,
1799 1274 1920 1306 Petrus
1945 1282 1979 1307 et

146 1323 324 1365 Ugolinus,
349 1323 486 1360 fratres,
518 1324 562 1354 de
593 1323 686 1354 omni
712 1324 836 1354 amodo
862 1324 1088 1364 desperantes
1112 1325 1248 1362 auxilio,
1278 1327 1424 1358 consilio
1450 1333 1483 1358 et
1506 1333 1655 1359 tractatu
1685 1327 1815 1359 domini
1841 1329 1986 1360 Marsilii

146 1377 189 1408 de
220 1376 392 1414 Carraria,
424 1377 579 1418 germani
610 1378 858 1417 predictorum,
890 1377 1047 1408 Parmam
1081 1379 1251 1410 dederunt
1276 1380 1425 1411 dominis
1449 1381 1528 1411 dela
1551 1380 1657 1412 Scala
1674 1379 1696 1413 ³.
1741 1381 1794 1412 Ex
1824 1392 1904 1424 quo,
1927 1383 1983 1414 die

144 1439 278 1461 xxvmr
303 1430 385 1460 iunii
411 1429 563 1462 eiusdem
588 1430 772 1468 millesimi,
797 1431 955 1461 dominus
980 1431 1178 1463 Albertinus
1202 1432 1359 1464 Parmam
1383 1433 1533 1465 intravit.

238 1536 308 1567 132.
333 1534 434 1576 [132]
467 1553 495 1556 -
524 1535 657 1566 Eodem
683 1545 784 1572 anno,
801 1535 931 1566 domini
959 1536 1037 1566 dela
1061 1535 1164 1566 Scala
1189 1545 1264 1566 cum
1290 1537 1427 1570 domino
1447 1537 1605 1571 Marsilio
1630 1540 1673 1571 de
1699 1541 1861 1572 Carraria
1878 1542 1985 1574 collo-

143 1589 261 1630 quium
285 1588 478 1619 habuerunt
501 1599 602 1629 super
626 1589 722 1620 facto
746 1589 842 1620 Luce
867 1589 1048 1625 civitatis⁴‚
1072 1596 1263 1621 asserentes
1288 1591 1378 1622 veile
1403 1591 1513 1633 ipsam
1530 1593 1674 1633 penitus,
1690 1595 1814 1635 quibus
1839 1596 1985 1627 dominis

146 1642 303 1673 dominus
327 1640 526 1682 [Mar-silius]
550 1642 694 1673 multum
716 1641 856 1680 obstitit,
880 1641 1060 1673 addiciens
1086 1642 1152 1673 hoc
1178 1653 1252 1673 esse
1278 1650 1399 1675 contra
1429 1651 1533 1686 pacta
1556 1646 1636 1688 lige,
1661 1647 1821 1687 quoniam
1847 1649 1987 1681 Floren-

145 1695 224 1726 tinis
248 1695 374 1726 cedere
399 1695 549 1727 debebat
571 1696 606 1726 in
630 1701 773 1736 partem.
821 1694 882 1727 Set
899 1695 1197 1736 perseverantibus
1222 1696 1305 1738 ipsis
1325 1697 1472 1728 dominis
1488 1698 1523 1728 in
1548 1709 1608 1731 suo
1626 1700 1811 1741 proposito,
1829 1702 1987 1734 dominus

145 1747 319 1779 Marsilius
343 1749 386 1779 de
410 1748 569 1780 Carraria
593 1749 659 1780 suis
691 1749 822 1780 licteris
855 1749 1013 1780 tractavit
1043 1760 1118 1781 cum
1151 1750 1288 1781 domino
1320 1751 1426 1782 Petro
1458 1753 1501 1783 de
1528 1753 1675 1790 Rubeis,
1702 1755 1760 1795 qui
1784 1760 1865 1786 tunc
1890 1755 1985 1788 Luce

145 1807 295 1843 preerat.
342 1802 411 1840 Qui
436 1801 594 1833 dominus
611 1801 744 1840 Petrus,
762 1802 853 1834 omni
872 1812 994 1833 carens
1011 1813 1071 1844 spe
1089 1809 1123 1834 et
1140 1803 1276 1839 auxilio,
1296 1805 1458 1845 quoniam
1474 1816 1494 1836 a
1511 1806 1721 1838 Florentinis
1737 1808 1853 1839 stricte
1871 1809 1986 1840 obses-

145 1866 201 1886 sus
225 1862 308 1892 erat,
331 1855 493 1896 precibus
517 1863 550 1886 et
573 1854 788 1886 suasionibus
812 1856 963 1896 predicti
986 1856 1116 1887 domini
1148 1856 1295 1887 Massilii
1330 1859 1459 1890 Lucam
1491 1859 1588 1890 dedit
1618 1860 1652 1890 in
1684 1861 1842 1892 manibus
1877 1863 1986 1893 domi-

145 1919 265 1940 norum
291 1909 370 1940 dela
395 1909 508 1940 Scala.
555 1908 599 1940 Et
623 1909 783 1950 predicta
805 1909 946 1941 fuerunt
970 1910 1013 1940 de
1038 1920 1154 1941 mense
1178 1910 1383 1943 novembris

239 2007 310 2038 133.
334 2006 435 2047 [133].
458 2025 503 2030 ——
525 2007 712 2038 Millesimo
735 2007 994 2046 CCCXXXVI,
1020 2008 1180 2039 comunia
1206 2008 1432 2040 Veneciarum
1458 2016 1491 2040 et
1516 2009 1693 2042 Florentie
1712 2011 1814 2053 ligam
1832 2013 1984 2046 inierunt

146 2065 180 2091 et
202 2059 376 2091 iurarunt⁵
402 2067 522 2092 contra
546 2060 702 2090 dominos
727 2060 806 2091 dela
830 2060 933 2092 Scala
958 2068 1101 2101 propter
1125 2061 1247 2092 multas
1270 2062 1413 2092 iniurias
1436 2062 1480 2092 ab
1504 2062 1586 2103 ipsis
1610 2070 1782 2105 receptas.
1827 2065 1916 2097 Nam
1941 2068 1985 2098 de

148 2113 305 2144 manibus
330 2113 608 2145 Florentinorum
632 2113 763 2144 Lucam
786 2114 1034 2154 surripuerant,
1059 2120 1093 2145 et
1117 2120 1235 2145 contra
1259 2114 1414 2146 Venetos
1437 2124 1505 2146 non
1529 2116 1630 2158 longe
1659 2128 1679 2147 a
1695 2117 1817 2160 Clugia
1834 2126 1984 2151 castrum

147 2172 406 2198 construxerant
429 2167 623 2198 salinarum.
669 2167 722 2198 Ex
745 2177 814 2209 quo
839 2166 989 2208 predicti
1013 2167 1143 2198 domini
1168 2167 1247 2198 dela
1272 2168 1384 2205 Scala,
1408 2168 1508 2199 huius
1524 2168 1594 2211 lige
1613 2170 1739 2202 noticia
1761 2172 1890 2210 habita,
1914 2172 1985 2204 Ve-

146 2219 262 2252 necias
285 2219 450 2251 miserunt
473 2220 649 2251 dominum
673 2220 865 2251 Marsilium
890 2221 932 2251 de
957 2220 1116 2252 Carraria
1141 2221 1184 2252 de
1214 2231 1301 2261 pace
1334 2226 1569 2259 tractaturum,
1593 2223 1651 2264 qui
1676 2224 1836 2256 dominus
1859 2225 1984 2257 Marsi-

144 2273 208 2304 lius
233 2273 363 2304 curiam
395 2273 503 2304 tenuit
532 2274 566 2304 in
593 2273 760 2305 Veneciis
790 2273 989 2315 generalem
1003 2276 1024 2304 ὅ.
1072 2272 1132 2304 Set
1163 2275 1300 2304 demum
1334 2273 1457 2305 Veneti
1491 2285 1553 2315 pro
1580 2286 1745 2317 responso
1770 2278 1862 2309 finali
1887 2279 1980 2311 dicto

145 2325 284 2358 domino
308 2325 461 2357 Marsilio
486 2337 608 2368 pacem
633 2326 769 2367 penitus
793 2327 1018 2369 denegarunt.

237 2432 306 2464 134.
331 2432 431 2473 [134].
457 2451 496 2454 -
522 2431 653 2464 Eodem
677 2432 868 2471 millesimo,
892 2433 947 2464 die
984 2443 1044 2464 xm
1081 2433 1163 2470 iulii,
1195 2433 1369 2465 Gerardus
1400 2433 1443 2465 de
1468 2434 1613 2466 Camino
1629 2434 1639 2450 ⁷
1664 2446 1707 2468 ex
1730 2436 1821 2469 furto
1845 2437 1985 2470 abstulit

145 2492 292 2517 castrum
316 2485 486 2528 Opitergii
511 2486 660 2518 dominis
683 2487 762 2518 dela
785 2486 899 2518 Scala.
944 2486 996 2518 Ex
1027 2497 1094 2529 quo
1119 2487 1277 2518 dominus
1301 2486 1476 2523 Albertus‚
1500 2488 1650 2520 sociatus
1682 2489 1828 2521 dominis
1858 2491 1983 2524 Marsi-

236 2623 255 2640 1.
276 2614 420 2649 ordinam]
443 2618 607 2640 statuuntur
626 2618 648 2641 S
660 2630 692 2634 —
707 2625 730 2648 4.
744 2617 945 2641 habundantur
966 2618 1043 2640 ill—
1059 2618 1181 2646 7.eti:11n
1196 2618 1310 2640 isti-ion.
1325 2617 1347 2640 S
1360 2629 1390 2633 —
1410 2624 1446 2648 19.
1462 2618 1506 2641 dle
1521 2618 1632 2642 scilicet
1652 2627 1720 2651 agg.
1735 2620 1757 2644 S
1770 2629 1783 2643 e
1795 2629 1843 2644 am.
1857 2623 1979 2645 eiusdem

146 2659 294 2682 millesimi
314 2672 322 2676 -
343 2659 478 2682 Aibertus
493 2659 524 2683 de
541 2660 568 2683 la
581 2660 662 2683 Scala
676 2660 699 2684 S
712 2674 743 2677 —
758 2667 798 2684 21.
815 2661 888 2683 velle
908 2661 1022 2691 penitus
1035 2667 1097 2683 euin
1117 2660 1255 2683 subiit-erc
1276 2659 1405 2682 duminio
1426 2667 1476 2683 suo
1497 2661 1597 2691 quibus
1617 2662 1640 2685 S
1654 2675 1686 2679 —
1701 2664 1888 2687 2:.t10111i1u1s
1908 2664 1982 2688 Mar-

147 2701 230 2725 silius
249 2701 272 2725 S
290 2715 297 2718 -
317 2709 399 2732 quani
414 2701 437 2726 S
455 2715 486 2718 —
507 2702 598 2731 25—26.
611 2704 739 2734 praeerat
757 2703 889 2726 civitati:
910 2707 969 2725 erat
989 2705 1080 2726 autem
1098 2704 1155 2733 ips(-
1170 2702 1301 2725 dominus
1322 2701 1420 2724 Petrus
1438 2702 1535 2726 stricte
1555 2710 1571 2726 a
1592 2704 1770 2727 Florentinis
1790 2705 1920 2729 obsessus
1935 2715 1983 2738 spe

146 2744 226 2767 omni
246 2750 342 2767 carens
362 2744 467 2767 auxilii
487 2746 513 2767 et
533 2745 652 2768 consilii
671 2752 705 2768 ex
724 2745 826 2775 quibus
846 2745 975 2775 precibus
995 2747 1022 2768 et
1042 2745 1272 2776 persuasionibus
1292 2744 1400 2766 domini
1422 2743 1445 2768 S
1462 2757 1493 2761 —
1515 2752 1557 2777 31,
1571 2746 1659 2769 Cuius
1680 2747 1736 2777 lige
1755 2747 1852 2771 hahita
1873 2749 1982 2773 not-igin

146 2793 160 2809 a
180 2786 306 2809 dominis
327 2786 388 2809 dela
408 2785 489 2810 Scala
509 2786 533 2810 S
550 2800 583 2803 —
603 2791 644 2817 35.
665 2786 795 2818 abstulit]
814 2788 953 2818 surripuit
972 2786 995 2810 S
1014 2800 1044 2804 —-
1066 2786 1106 2817 36.
1127 2787 1159 2809 de
1175 2786 1304 2809 manibus
1326 2786 1510 2810 dominorum
1531 2787 1593 2811 dela
1613 2788 1695 2812 Scala
1716 2789 1737 2811 S

232 2882 240 2898 ¹
260 2883 397 2913 CORTUS.,
420 2885 560 2915 Chronica,
582 2884 613 2913 V,
634 2892 657 2915 9.
1176 2882 1185 2896 ⁵
1205 2883 1341 2912 CORTUS.⁷
1365 2883 1504 2912 Chronica,
1524 2885 1558 2913 V,
1583 2892 1627 2913 10;
1649 2886 1693 2915 VI,
1717 2892 1743 2910 2.

232 2924 240 2938 2‘
260 2925 394 2955 CORTUS„
419 2927 556 2957 Chronica,
579 2927 612 2956 V,
633 2928 658 2950 S.
1176 2925 1185 2939 ⁶
1205 2925 1342 2955 CORTUS„
1364 2927 1505 2955 Chronica,
1524 2927 1572 2956 VI,
1591 2934 1615 2951 2.

230 2965 241 2982 ³
260 2967 396 2998 Comus„
417 2969 556 2999 Chronica,
576 2969 610 3000 V,
634 2975 673 2993 10.
1177 2966 1186 2981 ⁷
1207 2968 1342 2998 (Συκτυε.τ
1366 2968 1506 2997 Chronica,
1527 2969 1573 2998 VI,
1594 2976 1618 2994 z.

232 3008 243 3023 ⁴
264 3008 400 3039 Comus„
423 3009 560 3039 Chronica,
581 3010 614 3040 V,
638 3017 676 3034 10.

2003 2897 2033 2914 10
