2422 3684
421 250 466 284 88
770 246 941 282 GESTA
970 246 1274 282 MAGNIFICA
1302 244 1486 280 DOMUS
1515 243 1900 279 CARRARIENSIS

727 379 866 411 REDAZ.
890 378 923 410 A

404 463 483 482 num
511 451 733 483 Franciscum
767 462 787 482 a
817 452 905 482 duce
939 450 1085 482 licencia
1115 454 1249 490 sumpta

405 506 623 538 sociaverunt
638 515 747 546 usque
765 505 934 544 palacium
949 514 1057 534 suum.
1086 502 1253 544 Sequenti

406 569 489 590 vero
513 569 613 589 mane
630 558 781 600 predicti
805 558 934 590 domini
960 557 1029 588 dux
1053 563 1087 587 et
1110 555 1252 587 Franci-

406 622 484 644 scus
509 612 567 644 diu
585 612 726 644 fuerunt
747 613 781 643 in
801 611 975 653 colloquio
1000 610 1195 641 humaniter
1219 614 1252 639 et

406 665 568 707 benigne,
591 665 709 708 ibique
731 666 890 697 dominus
922 664 1044 695 Petrus
1070 662 1253 693 Trivisano

408 726 442 750 et
466 719 622 750 dominus
645 719 807 751 Andreas
824 719 1033 752 Contareno,
1052 722 1254 758 procurato—

408 783 462 803 res
478 773 579 804 ambo
596 772 705 804 sancti
722 772 847 806 Marci,
861 770 987 803 sindici
1001 771 1045 801 ad
1059 771 1125 800 hoc
1140 768 1255 806 electi,

409 827 444 857 in
467 826 626 857 manibus
657 825 762 866 ipsius
789 824 917 855 domini
952 822 1130 854 Francisci
1160 821 1256 862 pacis

410 885 513 920 pacta
534 884 566 910 et
583 879 836 910 convenciones
852 878 1144 918 approbaverunt,
1160 884 1255 905 mox-

413 944 478 974 que
497 932 655 964 dominus
670 931 789 975 Ciglus
806 932 847 963 (10
861 930 989 968 Casan,
1003 930 1114 972 legum
1132 929 1256 960 doctor

413 992 447 1017 et
470 985 625 1018 sindicus
656 986 811 1016 comunis
843 985 971 1020 Padue,
1002 982 1161 1024 predicta
1194 992 1256 1023 pro

413 1040 551 1071 comuni
581 1039 658 1080 ipso
689 1039 845 1069 similiter
876 1036 1093 1078 approbavit,
1126 1035 1257 1076 fuitque

412 1093 459 1124 ibi
476 1093 512 1123 in
528 1093 751 1123 instrumento
767 1091 907 1132 publico
925 1095 1149 1125 contractum,
1166 1088 1259 1130 quod

414 1145 572 1176 dominus
595 1144 714 1176 Padue
739 1144 856 1184 salem,
881 1150 1045 1186 quantum
1065 1142 1181 1178 vellet,
1199 1140 1258 1173 de-

414 1200 512 1231 beret
528 1209 547 1229 a
564 1198 711 1229 Venetis
728 1198 867 1228 habere.
910 1196 1041 1227 Tenuit
1059 1202 1170 1226 autem
1190 1205 1259 1225 ma-

415 1252 558 1294 gnificus
572 1252 728 1283 dominus
744 1251 948 1282 Franciscus
964 1249 1123 1280 Veneiiis
1137 1250 1169 1279 in
1184 1259 1261 1280 con-

415 1305 514 1336 viviis
531 1306 661 1336 curiam
683 1305 892 1347 generalem,
910 1304 962 1335 cui
981 1303 1128 1333 maiores
1145 1302 1261 1333 cuncti

416 1360 590 1391 affuerunt
614 1359 773 1395 civitatis,
790 1358 846 1389 ubi
864 1363 957 1389 tanta
981 1357 1046 1388 fuit
1062 1356 1261 1387 victualium

417 1413 605 1454 opulentia,
622 1413 714 1454 quod.
733 1412 843 1442 mirati
864 1411 989 1452 quiquo
1011 1410 1155 1440 fuerunt.
1182 1409 1262 1439 Fer·
1296 1428 1298 1431 -

419 1473 471 1497 tur
495 1472 529 1497 et
545 1466 653 1498 eciam
671 1465 798 1496 nullum
817 1464 991 1495 dominum
1011 1470 1088 1493 ante
1105 1473 1170 1493 nec
1187 1467 1266 1502 post

419 1521 583 1551 honorem
609 1519 751 1550 similem
779 1518 962 1559 recepisse.
1002 1516 1046 1548 Et
1064 1516 1162 1547 fuere
1187 1526 1264 1556 pre-

422 1572 512 1604 dicta
546 1572 664 1604 Padue
690 1572 864 1613 publicata
892 1569 1151 1605 MCCCLVHI,
1182 1569 1266 1600 iunii

421 1626 605 1658 undecimo
630 1626 696 1657 die.

535 3010 576 3028 22.
596 3004 689 3028 simile
711 3004 744 3026 ,11

1323 870 1359 901 10

1326 1135 1385 1167 15,

1331 1667 1370 1699 25

1343 2467 1383 2497 40

1347 2730 1385 2762 45

1403 2531 1405 2534 ·
1438 2517 1583 2548 νο10550.

1728 375 1869 408 REDAZ.
1894 375 1930 407 D

1410 453 1463 479 tra
1479 447 1510 480 01
1527 457 1651 478 eomun
1669 448 1712 479 de
1729 447 1882 479 Venesia
1900 458 1918 478 e
1943 447 1964 478 'l
1986 445 2167 488 magnifico
2184 456 2253 477 me·

1411 501 1479 532 sier
1508 501 1715 537 Franeesco,
1746 501 1870 532 mesier
1903 500 1935 531 10
1967 500 2051 530 duse
2078 499 2205 530 mando
2237 509 2256 530 a

1412 554 1505 585 Pava
1522 553 1568 584 du
1592 553 1698 585 nobili
1722 553 1934 589 ambaxaori,
1957 553 2042 584 tucti
2065 553 2111 583 du
2131 562 2255 593 procu-

1410 607 1527 638 radori
1551 607 1594 637 de
1618 605 1687 637 San
1710 607 1843 643 Marco,
1866 607 1877 637 i
1901 606 1993 648 quali
2019 606 2051 637 el
2075 606 2168 636 dicto
2185 615 2255 636 ma-

1412 661 1539 703 gnifico
1555 660 1679 691 mesier
1696 661 1892 692 Francesco
1909 651 2034 690 receve
2051 659 2258 690 honorevol-

1414 719 1538 750 mente,
1563 718 1596 744 et
1620 713 1656 744 10
1681 723 1743 744 con
1764 713 1836 744 loro
1861 714 1895 743 in
1920 712 2046 744 secreti
2063 711 2205 753 parlari,
2224 717 2257 743 et

1413 776 1458 807 po
1475 766 1508 797 01
1525 766 1558 796 (11
1575 772 1696 807 quarto
1714 766 1745 796 el
1763 765 1946 808 magnifico
1971 775 2082 796 meser
2106 766 2257 796 France-

1414 830 1474 851 sco
1491 830 1556 851 con
1575 818 1605 850 13
1630 819 1827 861 compagnia
1844 819 1888 850 de
1905 819 2000 850 molti
2020 817 2209 849 chavalieri
2225 823 2259 848 et

1415 872 1492 904 altri
1516 871 1623 903 nobili
1647 871 1736 903 ando
1760 882 1780 902 3
1804 871 1956 911 Vinesia,
1974 871 2006 902 31
2030 871 2111 912 qual
2136 871 2202 901 fina
2227 869 2258 901 el

1415 936 1451 956 so
1469 925 1571 966 luogo
1588 924 1632 956 de
1649 922 1772 956 Sti-ade
1790 924 1887 956 molti
1906 923 2014 955 nobili
2039 924 2083 955 da
2108 923 2260 955 Venesia

1416 988 1527 1009 venne
1550 977 1719 1014 incontra,
1744 983 1778 1008 et
1800 982 1888 1008 tutta
1911 977 2000 1008 fiada
2024 986 2179 1019 conceva
2204 974 2259 1007 dei

1419 1031 1496 1063 31111
1521 1037 1555 1062 et
1579 1036 1674 1062 tanto
1691 1031 1769 1069 che,
1784 1030 1906 1062 siando
1922 1031 1958 1062 iu
1976 1031 2006 1061 10
2025 1031 2161 1071 lagune,
2178 1029 2260 1060 l’era

1417 1091 1511 1116 tanta
1524 1084 1556 1114 13
1566 1083 1785 1115 moititudine
1796 1083 1888 1114 delle
1898 1084 2036 1123 barche,
2047 1083 2216 1124 ch'apena
2225 1092 2260 1113 se

1419 1138 1529 1169 vedea
1556 1137 1677 1179 l'aqua.
1702 1136 1866 1178 Vignudo
1891 1136 1947 1177 poi
1965 1136 1996 1167 el
2021 1136 2114 1167 dicto
2139 1135 2262 1166 mesier

1419 1193 1615 1223 Francesco
1632 1200 1650 1221 a
1670 1189 1817 1221 Venesia
1838 1195 1872 1221 et
1889 1189 2107 1221 dismontado
2124 1189 2167 1220 de
2184 1188 2262 1220 bar-

1421 1246 1485 1278 cha
1498 1244 1565 1275 alla
1576 1243 1674 1285 pinca
1685 1243 1728 1274 de
1742 1243 1811 1275 San
1825 1243 1957 1280 Marco,
1972 1242 2003 1274 o‘
2020 1243 2083 1274 che
2098 1252 2155 1273 013
2167 1242 2263 1283 algu-

1422 1299 1456 1330 ni
1469 1297 1576 1329 nobili
1590 1296 1735 1334 vecchii,
1750 1296 1815 1327 che
1827 1302 1993 1337 spectavn
2003 1296 2099 1327 13503
2113 1295 2266 1337 vignuda

1422 1358 1456 1384 et
1473 1353 1536 1382 che
1555 1360 1620 1381 con
1637 1349 1769 1391 grande
1785 1350 1914 1381 honore
1932 1355 1965 1380 et
1976 1349 2169 1390 riverencia
2192 1347 2266 1379 l’in-

1424 1406 1508 1437 duse
1523 1404 1555 1434 al
1564 1403 1686 1444 palaco
1699 1401 1836 1444 dugale,
1848 1402 1879 1433 o'
1891 1402 1955 1434 che
1967 1402 2069 1432 infina
2084 1401 2115 1431 la
2127 1400 2264 1433 5031310

1427 1467 1539 1489 venne
1564 1457 1723 1487 incontra
1747 1455 1868 1486 mesier
1893 1455 1924 1486 lo
1948 1455 2044 1491 duse,
2063 1461 2108 1491 et,
2125 1453 2264 1496 pagado

1424 1522 1486 1552 per
1505 1510 1537 1541 10
1555 1509 1650 1540 dicto
1667 1508 1852 1550 magnifico
1869 1508 1992 1539 mesier
2008 1509 2206 1539 Francesco
2222 1506 2267 1538 da

1425 1564 1573 1596 Carrara
1597 1562 1629 1592 al
1654 1562 1747 1592 dicto
1771 1561 1864 1592 Duse
1882 1561 1913 1592 01
1931 1561 2051 1592 debito
2077 1561 2120 1592 de
2146 1560 2265 1592 convi-

1425 1616 1571 1660 gnevole
1603 1615 1745 1650 honore,
1768 1614 1906 1645 habudo
1931 1620 1982 1645 tra
2005 1613 2062 1644 elli
2081 1613 2192 1655 poche
2209 1623 2268 1654 pa-

1426 1670 1511 1706 role,
1535 1670 1545 1699 i
1570 1668 1655 1700 dicti
1671 1667 1787 1703 nobili,
1810 1667 1896 1699 tolta
1919 1667 2029 1709 prima
2053 1666 2199 1698 licencia
2224 1663 2276 1697 da‘

1427 1723 1552 1755 mesier
1576 1723 1609 1753 lo
1636 1720 1720 1753 duee
1751 1720 1784 1752 lo
1812 1720 2029 1763 acompagno
2064 1721 2131 1751 11113
2165 1719 2196 1751 31
2231 1729 2269 1751 so

1428 1777 1560 1818 palaco.
1607 1774 1647 1806 El
1672 1779 1839 1817 seguente
1863 1773 1898 1804 di
1923 1773 1990 1814 pub
2006 1773 2016 1803 i
2035 1772 2184 1814 predicti
2202 1783 2270 1803 me-

1428 1829 1495 1861 sier
1511 1829 1545 1860 lo
1559 1828 1642 1859 duse
1660 1838 1678 1858 e
1693 1827 1713 1857 ’1
1730 1826 1913 1869 magnifico
1930 1826 2057 1857 mesier
2073 1827 2271 1858 Francesco

1429 1884 1465 1914 10
1488 1881 1659 1913 1115011111ῑο
1682 1880 1717 1911 111
1740 1880 1845 1921 longo
1869 1879 2018 1920 parlare‚
2044 1885 2077 1910 et
2100 1878 2123 1909 11
2147 1878 2271 1910 11105101·

1430 1935 1529 1967 Piero
1556 1933 1717 1965 Trivisan
1742 1938 1776 1964 01
1792 1932 1917 1964 mesier
1933 1931 2075 1963 Andrea
2091 1931 2272 1968 Contarin,

1430 1986 1657 2030 procuradori
1681 1985 1759 2017 tutti
1783 1985 1829 2016 du
1854 1985 1898 2016 de
1922 1995 1983 2016 san
2008 1985 2128 2016 Marco
2154 1990 2186 2015 et
2205 1983 2273 2015 sin-

1431 2041 1523 2072 dichi
1548 2039 1650 2071 electi
1674 2049 1695 2069 a
1718 2043 1849 2080 questo,
1872 2037 2029 2079 approvo
2054 2038 2090 2068 in
2112 2048 2191 2068 man
2215 2037 2272 2068 del

1396 2113 1398 2120 ι
1432 2094 1590 2136 predicto
1608 2091 1789 2134 magnifico
1803 2091 1923 2132 signor
1940 2091 2061 2121 mesier
2079 2090 2273 2122 Francesco

1432 2148 1443 2178 i
1468 2146 1560 2188 pacti
1585 2151 1617 2177 et
1643 2145 1673 2176 le
1698 2144 1915 2176 convencion
1943 2144 2034 2174 della
2057 2153 2149 2184 pase,
2173 2148 2206 2175 et
2221 2143 2274 2174 in-

1435 2205 1643 2232 contenente
1667 2197 1793 2229 mesier
1817 2197 1920 2239 Giglo
1938 2197 1981 2227 da
1999 2197 2135 2233 Casale‚
2153 2195 2276 2228 doctor

1436 2254 1477 2285 de
1504 2253 1579 2294 lege
1603 2257 1637 2283 et
1660 2251 1793 2283 sindico
1819 2251 1877 2282 del
1902 2259 2025 2281 comun
2051 2250 2094 2281 de
2112 2249 2216 2286 Pava,
2233 2250 2276 2280 si-

1434 2307 1609 2338 milmente
1626 2303 1781 2345 approvo
1797 2303 1829 2334 10
1845 2302 1938 2334 dicte
1955 2313 2036 2334 cose
2056 2313 2116 2343 per
2133 2303 2166 2334 lo
2183 2302 2276 2334 dicto

1437 2369 1572 2394 comun,
1595 2364 1628 2388 et
1653 2357 1675 2387 li
1699 2357 1734 2388 10
1760 2361 1941 2387 contracto
1973 2366 2034 2397 per
2058 2355 2198 2397 publico
2225 2355 2276 2386 in-

1435 2416 1636 2447 strumento,
1661 2409 1726 2441 che
1752 2409 1773 2440 ’l
1797 2409 1915 2449 signor
1938 2408 1982 2439 de
2015 2408 2108 2440 Pava
2131 2407 2276 2440 dovesse

1437 2466 1543 2496 haver
1567 2463 1610 2494 da
1634 2462 1733 2503 quilli
1758 2462 1802 2492 da
1820 2461 1962 2492 Vinesia
1979 2466 2106 2503 quanto
2123 2461 2194 2492 sale
2211 2460 2278 2492 ello

1629 2515 1672 2546 Et
1695 2514 1722 2545 si
1753 2520 1858 2546 tenne
1882 2514 1913 2545 01
1946 2514 2130 2557 magnifico
2161 2513 2279 2555 signor

1439 2570 1560 2601 mesier
1583 2569 1782 2600 Francesco
1807 2578 1826 2598 a
1850 2567 2002 2599 Venesia
2025 2568 2059 2598 in
2084 2566 2222 2598 corredi
2245 2571 2280 2597 et

1442 2621 1592 2654 convivii
1616 2627 1712 2652 corte
1735 2620 1911 2663 generale,
1929 2620 1997 2651 3113
2014 2619 2092 2661 qual
2115 2619 2153 2651 fo
2169 2622 2242 2651 tutti
2268 2619 2279 2650 i

1440 2674 1547 2706 maori
1568 2674 1611 2705 de
1636 2673 1753 2715 quella
1775 2680 1877 2710 terra,
1901 2673 1969 2704 alla
2001 2673 2080 2714 qual
2116 2678 2211 2703 corte
2243 2671 2279 2703 so

1441 2734 1535 2759 tanta
1557 2726 1776 2758 moltitudine
1800 2732 1834 2757 et
1859 2725 2063 2767 abundanca
2088 2724 2132 2756 de
2148 2725 2280 2756 victua-

1441 2781 1504 2818 rie,
1526 2780 1592 2811 che
1617 2780 1775 2821 ogn'omo
1799 2789 1835 2810 se
1863 2778 2048 2810 meraveio.
2087 2778 2131 2809 Et
2153 2787 2282 2809 ancora

1443 2834 1480 2864 fo
1504 2832 1598 2864 dicto
1622 2833 1687 2864 che
1712 2832 1779 2863 fina
1802 2831 1882 2873 quel
1907 2831 1942 2863 (11
1970 2842 1989 2863 3
2020 2831 2120 2862 nisun
2142 2831 2281 2873 signore

1445 2897 1502 2917 era
1528 2896 1547 2917 0
1564 2886 1599 2917 10
1617 2886 1711 2917 facto
1734 2885 1854 2917 51111010
1877 2885 2019 2917 honore.
2056 2883 2102 2915 Et
2118 2884 2154 2915 fo
2171 2882 2282 2925 publi-
