2422 3684
420 428 562 459 REDAz.
586 426 618 459 A

95 499 148 530 nis
164 499 329 531 decollati
345 498 616 541 Montagnanam
641 509 717 530 cum
735 499 939 541 frequencia

93 553 274 594 equitavit,
287 552 472 593 dispositus
497 552 722 583 Polimcinem
749 551 819 593 (sic)
842 552 939 584 inva-

95 605 178 636 dere
191 611 311 637 contra
330 604 506 636 dominum
525 604 838 642 Aldrovandinum,
856 606 939 636 Fer-

95 658 185 689 rarie
210 658 458 690 marchionem.
505 657 575 689 Sed
608 657 741 688 destitit
773 669 791 688 a
816 668 941 699 propo-

95 711 172 747 sito,
188 712 350 752 quoniam
368 710 525 741 dominus
540 710 644 742 Canis
661 711 738 740 dela
755 710 858 742 Scala
872 711 937 742 iam

96 763 291 795 Abbaciam
314 763 513 795 Polimcinii
530 764 729 802 intraverat,
748 770 781 794 et
797 770 939 795 coactus

94 817 160 848 fuit
191 816 352 848 dominus
387 816 569 848 Malatesta
601 827 678 847 cum
709 816 778 847 suis
812 817 939 848 redire.

95 869 272 900 Invaserat
294 869 385 900 enim
408 870 480 900 eius
503 869 712 900 territorium
730 868 879 900 Gentilis
896 870 939 900 de

96 922 248 954 Moiano.
285 922 415 965 Sicque
430 923 613 954 frustratus
629 934 647 953 a
666 923 852 963 proposito,
871 934 941 953 ma-

95 975 249 1018 gnificus
283 976 440 1007 dominus
474 976 692 1012 Franciscuffi
725 975 781 1006 die
814 981 938 1007 octavo

95 1038 174 1074 post
196 1033 303 1074 ipsius
326 1043 510 1070 recessum,
535 1043 611 1064 cum
635 1033 707 1064 eius
735 1034 845 1073 copiis
875 1033 941 1064 Pa-

97 1087 197 1118 duam
223 1087 398 1118 remeavit.

190 1351 258 1383 188.
285 1371 326 1375 —
351 1351 484 1382 Eodem
509 1362 602 1384 anno
625 1358 660 1384 et
684 1351 876 1390 millesimo,
894 1352 937 1382 de

96 1415 213 1436 mense
238 1403 442 1442 decembris,
461 1404 776 1441 Aldrovandinus¹‚
793 1405 938 1436 estensis

95 1458 260 1495 marchio,
285 1458 383 1489 dedit
410 1464 558 1490 castrum
591 1458 744 1501 Vigicoli
776 1459 848 1499 (sic)
880 1459 940 1489 do-

95 1511 197 1542 minis
221 1512 265 1542 de
289 1511 458 1551 Carraria,
484 1512 540 1554 qui
566 1518 600 1543 et
621 1512 688 1553 ipsi
713 1519 863 1543 castrum
895 1512 938 1542 de

96 1563 282 1601 Brendole,
305 1564 454 1596 diocesis
467 1564 663 1605 Vicentine,
681 1564 854 1596 dederunt
878 1566 938 1596 do-

96 1617 187 1649 mino
212 1617 310 1649 Cani.

188 1716 259 1747 189.
285 1735 326 1739 —
349 1715 452 1747 Anno
482 1727 565 1747 vero
598 1715 729 1747 domini
758 1716 938 1747 millesimo

95 1769 337 1800 trecentesimo
373 1769 658 1811 quinquagesimo
691 1776 825 1811 quarto,
861 1779 940 1810 pro-

96 1831 212 1864 gresso
244 1822 279 1853 in
311 1821 529 1853 Alemaniam
563 1823 703 1854 domino
735 1823 830 1854 Cane
862 1823 941 1853 (leia

97 1874 199 1906 Scala
213 1874 256 1906 ad
270 1881 455 1916 cognatum
467 1886 575 1912 sunm,
589 1874 939 1918 Brandeburgensem

96 1927 344 1966 marchionem,
370 1928 476 1959 filium
500 1928 582 1960 olim
606 1929 778 1960 Lodovici
803 1930 846 1960 de
874 1929 940 1960 Ba-

96 1983 192 2014 varia
204 1981 226 2019 ²,
244 1981 420 2025 ductoque
436 1992 553 2013 secum
571 1983 817 2026 Canesignoro,
832 1983 941 2014 fratre

95 2045 156 2066 suo
187 2035 354 2077 legitimo,
387 2035 546 2066 dominus
582 2037 796 2078 Fregnanus,
832 2037 941 2066 frater

96 2088 203 2130 ipsius
236 2088 382 2130 spurius,
418 2090 453 2119 in
493 2099 528 2120 se
569 2089 710 2120 Verone
750 2089 939 2120 dominium

97 2141 248 2182 accepit,
283 2142 380 2172 cuius
418 2148 551 2183 partem
591 2142 760 2174 fovebant
798 2142 942 2173 estensis

97 2194 252 2225 marchio
276 2200 311 2226 et
341 2193 472 2225 domini
505 2195 547 2225 de
573 2194 751 2238 Goncaga‚
779 2194 941 2226 avunculi

96 2247 202 2288 ipsius
233 2247 361 2278 domini
393 2247 506 2286 Canis,
538 2248 714 2290 voluitque
747 2247 943 2290 magnificis

97 2299 247 2332 dominis
269 2300 435 2332 Iacobino
459 2308 492 2332 et
508 2301 694 2333 Francisco
718 2302 760 2332 de
784 2301 943 2333 Carraria

97 2353 299 2385 Vicenciam
324 2353 443 2396 largiri
468 2354 656 2392 civitatem,
680 2360 718 2385 ut
741 2354 805 2386 sibi
829 2354 940 2397 genti-

97 2406 160 2438 bus
193 2407 425 2439 subvenirent.
474 2406 545 2444 Qui
577 2408 694 2439 oblata
729 2414 942 2444 recusarunt,

97 2459 250 2502 quinimo
276 2471 353 2491 curn
379 2459 532 2492 barbutis
556 2460 754 2502 quingentis
770 2461 814 2492 de
832 2460 942 2502 genti-

97 2513 159 2545 bus
183 2513 252 2544 suis
276 2513 450 2545 Veronam
476 2514 689 2546 immiserunt
705 2514 813 2555 ipsum
833 2514 942 2545 domi-

98 2577 178 2598 num
203 2566 332 2598 Canem
356 2576 496 2608 exspem
521 2573 556 2599 et
578 2567 699 2604 solum,
725 2567 768 2599 ab
785 2567 942 2598 omnibus

98 2619 310 2657 destitutum,
334 2620 446 2651 silicet
470 2620 614 2652 Venetis
638 2626 672 2652 et
695 2627 829 2652 estense
855 2631 942 2651 mar-

97 2672 223 2705 chione
248 2678 282 2705 et
305 2673 450 2705 dominis
468 2674 511 2705 de
528 2674 704 2717 Goncaga,
723 2684 800 2704 cum
818 2674 942 2715 quibus

97 2725 255 2757 omnibus
280 2726 417 2757 vincuio
441 2727 509 2768 lige
534 2732 608 2758 erat
624 2727 782 2758 astrictus
800 2733 834 2758 et
850 2737 941 2758 nunc

97 2779 216 2821 spurio
240 2790 276 2810 se
300 2780 399 2811 fratri
424 2781 642 2812 adheserant.
691 2780 744 2811 Ex
770 2790 837 2822 quo
863 2790 940 2811 cum

97 2833 225 2864 auxilio
249 2833 516 2875 magnificorum
540 2833 756 2864 dominorum
785 2833 828 2864 de
858 2834 942 2864 Car-

98 2886 190 2916 raria
213 2885 370 2918 dominus
395 2885 500 2917 Canis
524 2885 663 2917 domum
687 2897 793 2923 suam,
818 2891 942 2918 statum

98 2947 195 2970 suum
219 2945 252 2970 et
275 2940 446 2979 perditam
471 2940 692 2981 recuperavit
709 2940 898 2972 civitatem.

190 3049 196 3064 ⁴
218 3051 352 3080 CORTUS.‚
376 3050 513 3081 Chronica,
534 3051 567 3079 X,
587 3059 612 3083 9.

232 3167 265 3192 Τ.
285 3165 370 3197 XVII,
391 3175 415 3199 p.
435 3173 455 3196 1,
476 3167 533 3192 vol.
556 3173 579 3192 11
599 3180 632 3185 ——
652 3173 682 3199 5.

1007 924 1043 954 1Ο

1004 1508 1043 1537 20

1005 1825 1043 1855 25

1005 2092 1045 2121 30

1007 2358 1045 2388 35

1006 2625 1046 2654 40

1007 2891 1045 2922 45>

427 293 599 332 GESTA
626 296 927 332 MAGNIFICA
958 297 1142 332 DOMUS
1171 297 1558 333 CARRARIENSIS
1887 300 1931 335 (15

1418 430 1559 461 REDAZ.
1583 430 1620 462 D

1097 500 1325 542 grandissimo
1349 501 1504 532 exercito
1528 501 1572 531 da
1595 501 1638 542 pe
1664 508 1698 533 et
1729 502 1772 533 da
1804 502 1937 534 cavallo

1098 554 1131 584 in
1162 554 1195 584 la
1230 554 1350 596 vigilia
1384 555 1427 585 de
1463 565 1523 586 san
1557 555 1673 585 Zuane
1710 555 1833 587 decolir
1872 565 1939 587 con

1097 616 1182 648 gran
1207 607 1303 648 freca
1327 607 1495 638 cavalcho
1512 617 1532 638 a
1550 607 1800 649 Montagnana‚
1818 609 1939 649 despo-

1098 666 1150 691 sto
1176 661 1218 691 de
1244 661 1339 692 voler
1363 661 1504 692 assaltar
1528 661 1560 692 el
1584 660 1752 692 Polesene
1771 667 1891 693 contra
1908 662 1942 692 el

1098 714 1277 744 marchese
1302 713 1553 750 Aldrovandin,
1578 714 1694 755 signor
1718 715 1762 745 de
1783 715 1941 745 Ferrara.

1099 766 1157 796 Ma
1169 766 1299 807 perche
1317 767 1384 798 ello
1401 767 1500 798 trovo
1515 767 1580 798 che
1594 767 1720 798 mesier
1737 767 1866 798 Mastin
1880 778 1939 798 era

1099 819 1139 861 ca
1162 819 1298 850 intrado
1323 821 1356 850 in
1382 821 1415 851 la
1438 819 1558 858 Radia,
1581 820 1649 851 ello
1666 831 1701 852 se
1718 821 1857 852 remov'e
1883 820 1941 852 dal

1097 882 1135 904 so
1159 873 1349 914 proposito,
1375 880 1407 904 et
1430 874 1555 906 mesier
1577 873 1761 906 Malatesta
1788 874 1825 905 io
1857 883 1940 904 con-

1098 931 1225 957 strecto
1249 926 1292 957 de
1317 932 1435 957 tornat
1459 936 1526 958 con
1549 927 1581 958 la
1607 937 1666 958 soa
1689 933 1792 969 gente
1811 937 1831 957 a
1847 936 1941 964 casa,

1099 978 1227 1018 perche
1244 979 1275 1010 el
1292 980 1476 1022 magnifico
1491 980 1612 1022 signor
1628 979 1744 1012 Gentil
1762 981 1806 1011 da
1822 980 1943 1011 Moian

1098 1031 1208 1062 havea
1233 1041 1332 1063 corso
1356 1043 1434 1064 suso
1459 1033 1489 1064 el
1514 1043 1551 1064 so
1577 1039 1703 1065 terren.
1743 1034 1789 1066 Et
1813 1033 1883 1065 cosi
1908 1034 1940 1065 el

1098 1084 1281 1126 magnifico
1305 1085 1423 1126 signor
1439 1085 1636 1117 Fraueesco
1654 1087 1697 1118 da
1714 1086 1874 1123 Carrara,
1890 1086 1943 1117 in-

1097 1138 1235 1180 ganado
1259 1139 1303 1170 de
1334 1149 1392 1170 soa
1423 1139 1613 1177 intencion,
1636 1140 1784 1172 l’octavo
1814 1140 1860 1178 di,
1884 1140 1941 1182 po’

1097 1191 1162 1222 che
1186 1191 1254 1223 ello
1279 1202 1337 1223 era
1361 1193 1450 1231 parti
1475 1194 1518 1224 da
1541 1193 1645 1230 Pava,
1663 1203 1730 1225 con
1754 1199 1838 1225 tutte
1857 1193 1888 1224 le
1905 1204 1942 1224 so

1097 1250 1200 1285 gente
1224 1254 1261 1275 se
1285 1245 1426 1276 retornb
1450 1257 1469 1276 a
1501 1256 1591 1277 casa.

1189 1351 1260 1382 188.
1287 1369 1326 1373 —-
1352 1350 1445 1388 Quel
1475 1362 1565 1384 anno
1584 1353 1726 1384 instesso
1744 1360 1778 1384 et
1802 1353 1942 1385 millesi-

1097 1413 1164 1439 mo,
1182 1404 1239 1434 del
1257 1414 1347 1435 mese
1367 1405 1563 1442 decembre,
1580 1404 1835 1443 Aldrovandim
1852 1417 1941 1437 mar-

1098 1456 1201 1488 chese
1226 1457 1269 1488 (10
1293 1457 1364 1494 Est,
1397 1458 1440 1488 (10
1471 1458 1503 1489 01
1532 1460 1674 1490 castello
1707 1460 1750 1490 de
1779 1460 1942 1502 Vigicolo

1097 1510 1128 1540 ai
1153 1510 1281 1551 signori
1307 1512 1350 1541 da
1374 1512 1522 1543 Can-ara
1547 1518 1581 1543 et
1607 1513 1615 1542 i
1640 1513 1727 1544 dicti
1744 1513 1874 1555 signori
1899 1514 1943 1544 da

1099 1562 1246 1594 Carrara
1284 1565 1326 1595 d'e
1359 1575 1379 1595 a
1410 1575 1521 1596 meser
1555 1566 1629 1597 Can
1664 1566 1687 1596 il
1719 1566 1863 1597 castello
1895 1567 1938 1597 de

1101 1617 1271 1648 Hrendoie
1296 1617 1350 1648 (101
1376 1618 1553 1649 destrecto
1577 1619 1731 1651 visintin.

1192 1714 1261 1746 189.
1288 1730 1327 1734 -—
1353 1715 1405 1746 Ne
1430 1715 1545 1747 l’anno
1569 1716 1623 1757 po'
1642 1717 1699 1749 del
1716 1717 1831 1760 signos
1849 1717 1942 1748 mille

1100 1773 1252 1799 tresento
1278 1768 1466 1810 cinquanta
1484 1775 1616 1810 quatro,
1632 1770 1752 1801 siando
1771 1770 1860 1802 and&
1883 1770 1945 1801 mi-

1099 1821 1164 1852 sier
1181 1822 1254 1852 Can
1271 1822 1363 1853 dalla
1380 1823 1483 1855 Scala
1499 1824 1534 1854 in
1552 1823 1745 1867 Alemagna
1770 1826 1814 1856 da
1831 1835 1867 1855 so
1885 1836 1943 1857 co-

1100 1874 1178 1915 gna,
1203 1876 1235 1906 el
1252 1867 1434 1907 marchexe
1452 1876 1495 1907 de
1518 1877 1778 1919 Brandeburgo,
1803 1879 1882 1909 11010
1899 1880 1942 1909 (10

1102 1927 1285 1970 Lodovigo
1299 1929 1341 1959 de
1356 1928 1514 1965 Baviera‚
1527 1937 1559 1961 et
1574 1931 1751 1963 habiando
1765 1930 1864 1962 mena
1879 1942 1943 1963 con

1099 1981 1126 2011 si
1143 1982 1346 2022 Cansignor,
1362 1993 1397 2014 so
1415 1983 1525 2013 fradel
1544 1982 1709 2025 legitimo,
1723 1985 1848 2016 mesier
1863 1985 1944 2016 Fre-

1100 2045 1212 2075 gnam,
1237 2045 1273 2065 so
1298 2035 1446 2066 fradello
1466 2035 1637 2073 bastardo,
1656 2037 1740 2067 tolse
1758 2037 1792 2068 in
1808 2037 1835 2069 si
1854 2038 1884 2068 la
1900 2037 1944 2068 si-

1100 2088 1219 2129 gnoria
1238 2088 1279 2118 de
1297 2087 1456 2124 Verona3
1474 2089 1503 2119 01
1522 2089 1601 2130 quai
1627 2090 1751 2121 mesier
1769 2091 1941 2132 Fregnam

1100 2142 1306 2172 Iavorezava
1324 2142 1355 2172 el
1372 2142 1556 2172 marchexe
1581 2143 1624 2173 de
1649 2143 1710 2174 Est
1725 2149 1760 2174 et
1775 2144 1786 2173 i
1812 2143 1942 2185 signori

1102 2194 1145 2225 da
1163 2194 1338 2235 Gonzaga,
1361 2194 1502 2226 barbani
1528 2196 1583 2226 del
1602 2196 1697 2227 dicto
1714 2195 1840 2227 mesier
1857 2197 1942 2227 Can.

1103 2247 1142 2278 El
1161 2247 1240 2288 qual
1257 2248 1351 2278 volse
1369 2248 1476 2278 allora
1501 2247 1631 2279 donare
1656 2249 1684 2279 ai
1711 2249 1883 2291 magnifici
1904 2250 1943 2280 si-

1099 2301 1198 2343 gnori
1216 2301 1365 2331 Iacomin
1392 2306 1426 2331 et
1450 2302 1643 2333 Francesco
1668 2303 1714 2333 da
1737 2303 1885 2334 Carrara
1908 2303 1942 2334 la

1102 2355 1168 2385 cita
1186 2355 1229 2385 de
1244 2354 1396 2397 Vicenea
1413 2361 1447 2385 et
1464 2355 1521 2385 0111
1539 2355 1569 2385 01
1586 2356 1775 2398 sovignisse
1793 2357 1836 2387 de
1853 2367 1941 2399 gen-

1100 2415 1144 2440 te.
1187 2407 1201 2438 1
1228 2408 1332 2449 quali,
1348 2418 1450 2438 senza
1467 2414 1631 2449 acceptar
1645 2409 1676 2439 la
1693 2410 1859 2450 proserta,
1876 2420 1941 2441 con

1100 2462 1244 2493 barbute
1262 2461 1493 2501 cinquecento
1517 2462 1561 2492 de
1586 2472 1644 2493 soa
1661 2469 1763 2504 gente
1782 2464 1811 2493 el
1832 2463 1941 2494 mecte

1101 2516 1224 2546 dentro
1242 2515 1286 2545 da
1310 2514 1460 2550 Verona,
1476 2514 1597 2546 siando
1615 2516 1706 2546 colui
1724 2516 1820 2557 quasi
1838 2517 1939 2547 fuora

1102 2568 1143 2598 de
1167 2577 1333 2608 speranza
1357 2572 1390 2597 et
1413 2567 1600 2599 abandona
1618 2568 1660 2599 di
1685 2569 1782 2606 tacti,
1808 2568 1869 2611 ςοὲ
1897 2569 1941 2600 da

1101 2620 1196 2662 quilli
1221 2621 1264 2650 da
1288 2619 1440 2650 Venesia
1465 2620 1522 2650 dal
1547 2622 1724 2652 marchese
1750 2622 1792 2652 de
1821 2622 1883 2653 Est
1906 2629 1940 2653 et

1101 2674 1144 2705 da
1168 2673 1264 2715 quilii
1282 2673 1326 2704 da
1352 2674 1527 2715 Gonzaga,
1553 2684 1618 2705 con
1643 2675 1651 2704 1
1678 2675 1771 2716 quali
1795 2676 1880 2706 tucti
1905 2675 1937 2706 01

1102 2726 1187 2758 ditto
1204 2726 1328 2757 mesier
1356 2726 1429 2758 Cau
1453 2738 1511 2758 era
1534 2728 1645 2767 prima
1662 2728 1694 2758 in
1712 2728 1790 2770 liga,
1812 2734 1845 2759 et
1870 2728 1935 2759 mo’

1101 2791 1137 2811 se
1161 2781 1272 2810 havea
1296 2780 1424 2811 acordiz
1448 2790 1515 2810 eon
1540 2781 1662 2811 mesier
1678 2781 1860 2823 Fregnam.
1901 2782 1938 2813 Si

1103 2833 1167 2865 che
1192 2843 1254 2874 per
1272 2833 1301 2863 el
1316 2833 1389 2863 5010
1414 2833 1536 2865 alturio
1554 2834 1587 2865 di
1606 2834 1780 2876 magnifici
1806 2834 1937 2876 signori

1103 2887 1146 2917 da
1164 2888 1309 2917 Carrara
1334 2885 1370 2916 el'
1390 2887 1588 2917 sovradicto
1612 2887 1737 2918 mesier
1754 2888 1828 2919 Can
1849 2888 1941 2919 dalla

1104 2938 1206 2971 Scala
1229 2938 1372 2970 recovro
1397 2939 1430 2969 la
1453 2949 1513 2971 soa
1539 2945 1630 2971 terra
1654 2950 1672 2971 0
1698 2939 1719 2970 ’l
1743 2951 1780 2972 so
1806 2942 1915 2973 stado.

1131 3049 1141 3065 2
1163 3051 1297 3078 Conrvs„
1321 3049 1459 3082 Clerom'ca,
1482 3051 1514 3083 X,
1539 3057 1580 3075 xo.
