2422 3684
755 383 894 415 REDAZ.
920 383 952 415 A

428 455 572 485 adorsus
597 460 659 491 est,
683 454 772 485 adeo
803 453 950 486 viriliter
981 465 1039 486 eos
1070 454 1274 498 impugnans

428 507 520 549 quod
545 507 713 548 predictis
736 508 895 550 gentibus
919 508 1022 545 nulla,
1046 514 1081 540 et
1097 509 1125 540 si
1147 509 1273 551 aliqua,

428 567 557 592 tantum
581 572 687 602 parva
705 562 818 593 extitit
834 562 992 593 defensio
1007 562 1071 593 nisi
1090 563 1182 604 fuga.
1211 561 1274 594 Su-

428 613 567 656 bitoque
581 625 640 646 eos
653 614 767 656 posuit
778 615 813 645 in
828 615 1037 656 conflictum,
1055 615 1148 657 ipsos
1163 626 1270 659 usque

429 668 473 699 ad
497 667 635 711 Mucam
660 679 881 710 persequenS,
905 679 924 699 a
948 669 1038 706 loco,
1055 668 1112 700 ubi
1130 680 1271 712 campus

428 728 512 758 erat,
542 733 605 763 per
635 722 697 754 tria
721 722 827 753 millia
863 722 1059 761 distantem,
1087 724 1144 755 ubi
1177 725 1270 756 iuxta

427 782 523 815 parte
548 785 599 812 ea,
624 786 692 817 qua
715 776 819 806 intrat
844 776 965 806 canale
989 775 1137 814 Mutine,
1163 778 1270 809 domi-

425 839 488 859 nus
526 829 701 860 Bernabos
737 828 896 860 bastitam
931 840 1032 860 unam
1070 837 1268 863 construere

427 887 648 922 conceperat,
661 892 704 912 ne
718 882 762 913 ad
776 892 934 923 campum
951 890 1091 923 possent
1106 883 1268 916 victualia

427 935 568 966 deferri.
593 935 631 966 In
648 946 715 978 quo
728 934 868 977 quidem
882 936 1043 968 conflictu
1055 937 1268 980 infrascripti

428 989 562 1020 nobiles
585 989 697 1021 Italici
720 990 820 1021 fuere
843 991 983 1032 captivi,
1010 991 1270 1024 Theothonico-

426 1054 499 1073 rum
516 1044 757 1076 comestabiles
773 1044 871 1076 multi
892 1051 926 1076 et
943 1046 1121 1086 caporales
1137 1052 1170 1077 et
1187 1047 1270 1078 alio-

427 1108 499 1128 rum
531 1097 648 1128 vilium
680 1108 841 1129 numerus
872 1099 1079 1141 pergrandis
1108 1110 1182 1130 cum
1218 1111 1271 1130 ar-

426 1150 489 1181 mis
513 1156 547 1182 e'c
570 1152 677 1193 equis,
695 1151 869 1183 banderiis
893 1153 1022 1184 duabus
1040 1153 1169 1184 domini
1188 1154 1269 1185 Ber-

426 1204 580 1245 nabonis,
597 1215 732 1245 perrone
751 1205 934 1242 Ambrosii,
950 1206 1009 1237 filii
1027 1207 1076 1237 sui
1094 1207 1268 1245 naturalis,

426 1257 485 1298 qui
519 1257 566 1288 ibi
602 1258 730 1290 milicie
756 1259 895 1302 cingulo
928 1261 1042 1291 fuerat
1074 1262 1268 1293 decoratus.

425 1310 670 1349 Theothonici,
697 1318 733 1344 ut
758 1314 800 1344 de
825 1314 976 1354 ipsorum
1001 1325 1096 1345 more
1120 1320 1181 1350 est,
1206 1314 1269 1346 sub

426 1365 493 1396 fide
510 1371 587 1396 sunt
605 1366 763 1401 relaxati:
788 1367 895 1398 Italici
921 1378 1005 1398 vero
1022 1368 1113 1399 iuxta
1131 1368 1270 1408 capien-

425 1419 514 1449 cium
539 1424 666 1450 sortem
691 1419 886 1461 presidibus
908 1427 987 1451 sunt
1009 1421 1137 1460 traditi,
1153 1431 1270 1452 carce-

426 1483 498 1502 rum
516 1473 687 1514 ergastula
705 1475 849 1515 passuri.
874 1475 968 1506 Inter
984 1485 1070 1516 quos
1086 1476 1192 1507 notati
1212 1475 1269 1506 hic

425 1526 572 1557 inferius
612 1528 740 1568 captivi
781 1529 880 1558 fuere
923 1529 1094 1571 magnifici
1137 1529 1268 1560 domini

426 1579 603 1610 Francisci
629 1581 673 1611 de
698 1580 869 1618 Carraria,
901 1582 1028 1615 silicet:

515 1633 680 1664 Gibertus
709 1634 752 1665 de
777 1634 920 1676 Corigia

513 1686 672 1718 Andreas
701 1688 743 1718 de
770 1687 912 1729 Pepolis
1081 1651 1090 1711 1
1112 1708 1236 1740 milites

515 1739 679 1771 Nicolaus
704 1740 923 1772 Palavicinus
1082 1752 1090 1817 ἱ

512 1793 688 1834 johannes
711 1794 790 1824 dela
815 1795 1014 1827 Mirandola
1086 1830 1087 1833 Ἰ

512 1847 690 1879 Luchinus
715 1849 756 1879 de
774 1848 899 1880 Casate
919 1850 962 1882 de
979 1850 1056 1881 Mo-

426 1901 575 1932 lendinis

512 1954 636 1987 Petrus
661 1957 702 1987 de
727 1956 879 1998 Corigia‚
897 1958 984 1989 filius
1001 1969 1054 1989 su-

423 2008 611 2050 prascripti
639 2010 747 2040 notati

513 2062 629 2093 Guido
655 2063 785 2093 Savina
810 2064 853 2093 de,
880 2064 1007 2095 Foiano

511 2114 703 2145 Montellus
728 2116 770 2146 (le
802 2115 1051 2159 Lampognana

512 2167 713 2198 Alexander
735 2168 779 2199 de
803 2169 943 2200 Verona

511 2221 687 2262 johannes
711 2222 755 2252 de
781 2222 949 2263 Scipione

423 2388 513 2419 runt,
538 2383 774 2424 nomina‚⁵'que
799 2384 833 2414 in
858 2385 994 2426 scriptis
1018 2387 1192 2424 adinveni,
1209 2399 1264 2419 ca·
1298 2412 1299 2418 1

424 2436 513 2467 lamo
537 2436 670 2467 notavi:

511 2488 574 2520 Ser
600 2490 757 2521 dominus
774 2490 975 2523 Ambrosius
991 2492 1053 2523 Vi-
1078 2488 1088 2536 l

423 2552 594 2581 cecome8‚
633 2544 719 2574 filius
754 2546 887 2585 spurius
923 2546 1089 2701 dominia

1080 2703 1087 2724 x

424 2596 649 2628 Bernabonis.

510 2650 707 2681 Lodovicus
731 2651 808 2682 dela
833 2651 957 2683 Rocha

512 2703 674 2734 Gibertus
700 2704 742 2734 de
766 2704 835 2734 Piis

509 2754 711 2788 Siuibaldus
736 2757 779 2788 de
804 2757 985 2789 Ordelaffis

511 2810 715 2842 Guilielmus
740 2811 783 2841 de
811 2810 963 2842 Cavalca

510 2864 594 2895 Item
606 2863 691 2894 alius
704 2873 791 2894 unus
799 2864 898 2895 simili
910 2867 1050 2896 nomine

512 2917 681 2954 Iohannes
706 2916 886 2957 Ponconus

1073 2925 1082 2957 χ

1080 2065 1085 2076 7
1105 2038 1267 2073 Scutiseri
1301 2038 1302 2060 ³

1338 882 1374 912 10

1337 1146 1374 1176 15

1302 1410 1374 1447 ³20

1333 1681 1372 1711 25

1301 1946 1373 1976 ¹30

1299 2210 1369 2256 Ἰ35

514 2275 668 2306 Aliorum
687 2282 799 2307 autem
825 2277 1050 2318 captivorum,
1069 2281 1124 2320 qui
1143 2281 1177 2311 in
1195 2292 1265 2312 sor-
1299 2299 1300 2303 =

423 2336 490 2360 tem
515 2329 675 2360 Ecclesie
698 2330 942 2371 presidumque
974 2332 1116 2363 aliorum
1143 2335 1265 2375 tetige-
1298 2370 1299 2373 Ἰ

1328 2477 1367 2506 40

784 249 953 286 GESTA
986 251 1288 287 MAGNIFICA
1316 252 1502 288 DOMUS
1532 252 1914 290 CARRARIENSIS

1763 387 1904 420 REoAz.
1929 388 1965 420 D

1436 457 1545 489 bastia
1583 469 1687 501 serica
1726 459 1831 501 algun
1867 460 2000 501 impaco
2036 459 2125 491 carri
2157 464 2272 491 trenta

1434 517 1555 553 quatro
1580 513 1742 554 caregadi
1768 513 1811 543 de
1843 513 2008 545 victoaria
2036 519 2071 543 et
2094 511 2137 544 de
2164 512 2272 555 ligna-

1433 574 1498 602 me,
1521 564 1533 595 i
1557 565 1635 606 qual
1661 565 1750 596 carri
1774 566 1982 597 retornando
2006 565 2119 597 indrio
2147 571 2182 597 et
2212 565 2271 597 de-

1432 616 1620 649 siderando
1650 624 1751 659 tropo
1782 620 1814 650 la
1845 625 1949 660 gente
1973 618 2016 650 de
2048 628 2160 650 meser
2189 619 2272 650 Ber-

1431 670 1522 701 nabo
1546 671 1589 702 de
1613 671 1759 711 partirse
1784 672 1826 703 de
1850 671 1884 708 11,
1908 682 1952 703 no
1976 671 2148 704 habiando
2164 682 2270 713 paura

1431 723 1555 765 alguna
1579 723 1615 755 di
1640 725 1770 761 nemisi,
1794 725 1804 755 i
1823 725 1915 767 quali
1931 725 1987 756 elli
2005 726 2116 756 vedea
2133 735 2152 756 a
2169 724 2269 756 ochio

1431 787 1524 809 esser
1548 778 1689 816 armadi,
1715 778 1774 809 elli
1801 789 1837 810 se
1870 779 2035 821 comenco
2066 789 2086 809 a
2121 777 2268 821 volcere.

1431 831 1482 862 La
1504 832 1584 873 qual
1610 841 1692 863 cosa
1715 833 1872 874 vecando
1904 832 1936 863 el
1969 832 2145 873 capitanio
2179 830 2270 862 della

1429 884 1499 926 liga
1522 885 1648 916 mesier
1678 885 1810 918 Feltrin
1835 886 1878 918 da
1903 887 2069 928 Goncaga
2099 891 2134 917 et
2163 895 2183 916 a
2215 884 2271 916 chi

1430 939 1581 971 etiandio
1606 940 1753 971 tochava
1777 942 1808 972 el
1834 941 1938 979 facto,
1956 951 2057 983 senca
2075 941 2129 972 far
2145 939 2205 981 piu
2221 939 2272 970 in-

1429 992 1537 1029 dusia,
1563 993 1769 1025 confortado
1795 994 1903 1035 prima
1927 994 1958 1024 le
1975 1004 2012 1025 so
2030 999 2133 1036 gente
2149 998 2183 1024 et
2199 992 2272 1024 fac-

1429 1052 1509 1088 toge
1533 1056 1707 1087 promessa
1732 1048 1774 1078 de
1799 1057 1889 1089 paga
1917 1047 2058 1089 doppia,
2088 1045 2271 1078 chiamado

1430 1099 1462 1130 el
1487 1109 1587 1130 nome
1606 1099 1650 1130 de
1675 1099 1751 1137 Dio,
1776 1110 1841 1132 con
1865 1101 1999 1143 grande
2024 1099 2202 1131 animosith
2219 1108 2272 1130 as-

1429 1153 1514 1184 salto
1537 1153 1568 1185 la
1586 1153 1681 1185 dicta
1703 1161 1818 1196 gente.
1844 1155 1908 1186 che
1934 1153 1991 1184 elli
2016 1162 2061 1183 no
2079 1153 2124 1184 fe’
2144 1151 2270 1194 alguna

1429 1205 1563 1238 deffesa
1587 1212 1630 1246 et,
1654 1217 1689 1237 se
1715 1218 1779 1249 pur
1804 1207 1940 1250 alguna‚
1968 1206 2005 1237 fo
2035 1206 2118 1237 assa’
2144 1205 2269 1247 picola.

1431 1260 1476 1291 Et
1491 1260 1561 1291 cosi
1577 1259 1688 1291 subito
1702 1261 1713 1291 i
1726 1261 1900 1297 sconfisse,
1918 1258 2187 1302 perseguandoli
2204 1259 2271 1289 tina

1431 1313 1462 1343 la
1479 1311 1591 1354 Μυςει,
1605 1313 1698 1355 1οηςί
1715 1313 1772 1345 dal
1792 1313 1904 1355 luogo,
1922 1313 1952 1345 o'
1971 1313 2036 1344 che
2054 1323 2113 1343 era
2131 1312 2163 1342 el
2180 1321 2271 1343 cam-

1430 1375 1484 1406 po,
1502 1372 1574 1396 trea
1591 1366 1668 1402 mia,
1689 1372 1724 1397 et
1741 1367 1771 1397 0'
1797 1366 1840 1397 da
1861 1366 1976 1408 quella
1993 1370 2104 1406 parte,
2121 1365 2185 1396 che
2203 1364 2271 1396 ella

1429 1418 1517 1449 intra
1540 1418 1576 1449 in
1601 1419 1634 1449 lo
1659 1419 1758 1450 canal
1783 1420 1825 1451 de
1853 1419 2015 1455 Modena‚
2039 1419 2164 1451 mesier
2188 1418 2271 1450 Ber-

1429 1472 1518 1503 nabo
1544 1482 1601 1503 era
1624 1472 1786 1513 desposto
1811 1474 1854 1504 de
1879 1474 1932 1504 far
1959 1484 2027 1504 una
2050 1473 2171 1511 basfia,
2191 1481 2271 1514 aco-

1430 1524 1494 1555 che
1519 1524 1540 1555 '1
1565 1535 1609 1556 no
1635 1535 1789 1566 possesse
1815 1535 1909 1557 esser
1932 1527 2077 1567 portade
2102 1524 2269 1557 victuarie

1429 1578 1460 1607 al
1478 1587 1612 1618 campo.
1637 1578 1676 1609 In
1693 1577 1725 1609 la
1744 1578 1821 1620 qual
1841 1579 2028 1611 sconlictai
2051 1578 2270 1620 enfrascripti

1428 1630 1534 1662 nobili
1559 1631 1688 1662 italiani
1713 1632 1750 1663 fo
1768 1632 1870 1672 presi,
1889 1638 1923 1663 et
1942 1642 2082 1673 apresso
2097 1632 2153 1673 po'
2172 1631 2277 1679 molti?

1428 1684 1654 1716 contestabile
1689 1690 1724 1716 et
1760 1685 1916 1726 caporali
1951 1686 1986 1716 di
2022 1685 2200 1717 Todeschi
2236 1690 2271 1716 et

1428 1737 1505 1769 dele
1530 1737 1617 1768 altre
1643 1738 1702 1778 piu
1733 1738 1831 1769 basse
1866 1749 2013 1779 persone
2044 1749 2089 1769 un
2122 1748 2267 1770 numero

1428 1792 1631 1832 stragi-ande
1663 1801 1730 1822 con
1762 1792 1793 1822 le
1825 1801 1917 1822 arme
1949 1798 1984 1822 et
2009 1791 2109 1823 coni
2134 1790 2270 1828 cavalli,

1429 1853 1495 1875 con
1519 1844 1564 1874 do
1588 1843 1753 1875 bandiere
1778 1843 1821 1875 de
1838 1845 1964 1876 mesier
1980 1845 2139 1877 Bernabo
2165 1851 2198 1877 et
2214 1844 2271 1877 col

1429 1907 1540 1938 penon
1567 1897 1610 1928 de
1634 1897 1759 1928 mesier
1781 1898 1988 1934 Ambruoso‚
2006 1908 2043 1929 so
2067 1898 2147 1930 liolo
2170 1904 2270 1930 natu-

1428 1949 1510 1986 rale,
1536 1949 1566 1980 el
1591 1950 1671 1991 qual
1695 1949 1715 1981 li
1743 1960 1801 1981 era
1825 1957 1877 1982 sta
1899 1951 2013 1983 adobin
2038 1951 2081 1982 de
2113 1950 2270 1983 l'ordene

1428 2003 1470 2034 de
1495 2003 1675 2034 cavalaria.
1722 2003 1737 2034 I
1768 2003 1957 2040 Todeschi‚
1989 2014 2089 2036 como
2114 2004 2131 2035 ὲ
2158 2005 2201 2036 de
2230 2013 2269 2036 so

1428 2062 1591 2093 costume‚
1616 2056 1651 2086 fo
1676 2055 1800 2087 lassadi
1826 2057 1893 2087 alla
1917 2057 1964 2093 fe,
1989 2068 2043 2087 ma
2068 2057 2115 2099 gli
2132 2057 2268 2089 Italiani

1427 2109 1581 2151 segondo
1605 2109 1638 2139 la
1663 2115 1751 2140 sorte
1777 2109 1819 2141 de
1845 2109 1955 2150 quini,
1979 2110 2071 2142 chei
2097 2121 2209 2152 prese,
2229 2110 2267 2142 fo

1427 2162 1508 2192 dadi
1533 2163 1564 2192 ai
1589 2172 1625 2193 so
1642 2162 1781 2203 signori.
1826 2162 1917 2193 Intro
1935 2163 1945 2194 i
1963 2163 2056 2204 quali
2079 2163 2192 2205 questi
2208 2163 2268 2205 qui

1425 2215 1638 2255 sottoscripti
1663 2215 1699 2245 fo
1717 2214 1773 2245 del
1791 2216 1976 2257 magnifico
2001 2216 2120 2258 signer
2142 2217 2267 2248 mesier

1427 2269 1621 2299 Fraucesco
1646 2268 1688 2299 da
1713 2267 1925 2310 Carrara‚cb
1951 2269 1976 2299 si
2001 2269 2032 2300 e:

1513 2320 1656 2352 Giberto
1681 2321 1725 2351 da
1749 2321 1899 2363 Correco

1512 2372 1654 2404 Andrea
1678 2374 1713 2405 di
1739 2374 1860 2415 Pepoli
2042 2333 2055 2417 l

1512 2426 1636 2457 Nicolo
1661 2425 1843 2458 Palavesin
2043 2421 2055 2522 ς

1511 2479 1655 2523 ‚Cuanne
1681 2479 1773 2511 dalla
1800 2480 1999 2513 Mirandola

1510 2532 1645 2564 Luchin
1659 2533 1703 2564 da
1715 2531 1814 2564 Casal
1826 2533 1999 2572 milanese‚

1509 2586 1611 2618 Piero
1640 2587 1683 2618 da
1719 2586 1882 2629 Correco,
1919 2587 1999 2619 fiolo

1422 2639 1478 2670 del
1502 2639 1735 2680 sovrascripto
1760 2639 1905 2671 Giberto

1510 2691 1624 2723 Guido
1651 2692 1782 2722 Savina
1813 2692 1857 2723 da
1891 2694 1997 2724 Foian

1508 2744 1674 2776 Montello
1686 2745 1728 2776 de
1739 2745 1998 2787 Lampognano,

1420 2798 1584 2829 milanese

1507 2851 1711 2883 Alexandro
1735 2852 1778 2883 da
1802 2851 1943 2884 Verona

1506 2904 1649 2948 §juanne
1675 2906 1718 2936 de
1744 2905 1865 2946 Sipion

2079 2402 2266 2435 chavalieri

2099 2720 2211 2753 seueri

1506 3019 1529 3043 3.
1550 3013 1671 3036 victoria
1692 3014 1718 3036 l>
