2422 3684
472 390 611 422 REDAz.
635 389 667 421 A

144 462 288 504 pedites),
301 462 359 504 qui
376 469 488 494 tamen
505 471 567 503 per
583 461 631 492 ibi
647 468 807 504 regentes
820 471 888 493 non
905 467 984 493 sunt

144 516 289 557 accepti,
313 526 349 547 se
373 516 411 547 id
426 525 496 547 non
513 515 638 546 habere
664 514 820 546 dicentes
836 514 872 545 in
890 525 985 546 man-

145 569 248 605 datis3
274 574 324 600 set
348 579 417 600 non
435 567 535 610 longe
552 572 632 608 post
649 577 668 597 a
686 566 887 608 regentibus
904 566 985 608 ipsis

144 622 335 653 intromissi.
382 621 528 662 Propter
559 620 651 662 quod
683 621 756 661 ipse
784 619 986 661 magnificus

144 675 302 707 dominus
327 674 528 706 Franciscus
552 672 596 704 de
614 673 781 710 Carraria,
798 683 840 703 ne
857 672 985 703 subditi

142 728 193 760 sui
217 727 259 759 ab
273 727 392 758 emulis
409 726 616 762 lederentur,
635 725 718 757 illuc
735 725 847 757 subito
864 730 985 767 gentes

142 780 329 813 transmisit
351 779 486 822 equites
509 785 544 811 et
567 779 710 821 pedites.
752 779 812 811 Set
837 784 985 810 tractatu

143 833 265 865 nobilis
288 833 405 864 militis
422 833 551 864 domini
568 832 744 864 Frederici
761 832 804 863 de
822 831 985 867 Maffllor,

142 886 357 928 stipendiarii
381 887 487 928 ipsius
511 886 686 928 magnifici
711 885 852 923 domini,
870 885 927 926 qui
945 884 985 915 il-

143 941 198 971 luc
222 940 342 971 missus
366 945 427 977 est,
458 946 602 981 treugua
623 940 699 980 ipsa
729 949 838 981 usque
862 939 907 970 ad
932 938 986 969 fu-

142 999 251 1024 turam
283 993 429 1024 mediam
462 992 760 1034 quadragesimam
792 991 873 1022 hinc
903 991 985 1021 inde

143 1052 328 1088 prorogata
353 1052 414 1078 est.

231 1151 305 1183 253.
330 1169 371 1174 —-
397 1152 557 1188 Fortuna,
582 1157 620 1182 ut
642 1151 807 1193 scriptum
826 1157 887 1189 est,
904 1149 984 1191 Spi-

144 1206 388 1247 limbergenses
413 1204 629 1241 obversante,
651 1204 816 1236 remediis
847 1203 984 1235 Austrie

145 1259 240 1290 ducis
262 1259 399 1300 penitus
414 1258 600 1299 propulsis,
618 1263 767 1289 castrum
783 1257 910 1294 Trusii,
927 1267 986 1288 sue

144 1312 264 1343 domus
289 1311 430 1353 antiqua
453 1311 631 1352 possessio,
660 1310 756 1341 cuius
788 1310 871 1341 situs
902 1310 985 1350 ipsis

144 1363 496 1406 Spilimbergensibus
509 1363 728 1400 accomodus,
742 1363 913 1405 colligatis
930 1374 987 1394 ve-

143 1429 182 1450 ro
207 1424 280 1449 erat
303 1417 486 1458 plurimum
512 1418 686 1455 adversus
710 1422 859 1448 tractatu
889 1418 987 1448 inha-

144 1471 332 1503 bitancium
349 1471 392 1502 ad
408 1481 528 1502 manus
545 1470 776 1512 aquilegensis
790 1470 985 1511 patriarche

144 1525 188 1557 de
211 1535 329 1556 mense
354 1523 471 1565 aprilis
495 1524 683 1555 deductum
708 1529 758 1554 est
788 1523 987 1554 confestim-

144 1589 210 1620 que
233 1578 332 1610 alteri
356 1577 584 1613 intematum,
608 1582 644 1608 ut
676 1576 884 1608 redditionis
907 1587 986 1617 spes

143 1630 255 1662 omnis
271 1629 621 1672 Spilimbergensibus
639 1630 888 1671 precideretur.
923 1630 984 1660 Die

144 1690 256 1716 autem
280 1684 502 1726 sequentique
529 1682 679 1724 predicti
705 1683 829 1714 mensis
862 1683 985 1725 vigesi-

143 1749 198 1769 ma
232 1736 384 1769 secunda
416 1737 619 1778 capitaneus
650 1736 823 1779 magnifici
856 1736 984 1768 domini

145 1791 277 1823 domini
293 1790 474 1822 Francisci
499 1790 541 1821 de
567 1790 734 1827 Carraria,
753 1789 927 1822 Gerardus
945 1790 986 1821 de

108 1875 110 1877 ,
144 1843 323 1881 Herberia,
347 1854 425 1875 cum
449 1843 609 1885 gentibus
632 1843 747 1874 multis
769 1849 839 1874 tam
859 1843 903 1874 de
919 1844 986 1874 suis

143 1908 245 1939 quam
270 1897 313 1928 de
330 1897 398 1929 illis
413 1897 456 1928 de
475 1897 589 1929 Patria
613 1897 854 1929 Cordonaonis
872 1897 985 1928 villam

142 1951 291 1988 intravit,
307 1952 475 1993 grandem
500 1951 619 1994 utique
643 1957 676 1983 et
700 1951 837 1988 fortem,
857 1951 985 1982 victua-

143 2005 231 2036 libus
255 2005 389 2036 cunctis
411 2005 589 2036 abundare
613 2005 759 2042 solitam,
776 2010 828 2036 set
845 2005 987 2046 colliga-

141 2064 254 2090 torum
277 2057 397 2089 timore
421 2064 502 2089 tunc
527 2065 738 2095 evacuatam,
770 2064 985 2099 castrumque

143 2110 288 2153 subegit,
312 2111 406 2153 quod
436 2111 484 2142 ibi
515 2117 597 2149 erat,
623 2111 866 2153 combuxitque
900 2121 985 2143 eam.

144 2165 250 2206 prede
282 2164 420 2196 inventa
444 2175 579 2207 queque
607 2164 780 2196 subiciens
810 2173 918 2206 usque
943 2163 986 2194 ad

145 2224 259 2259 portas
293 2217 533 2255 Portunaonis,
567 2218 670 2249 castri
706 2218 846 2259 proprie
883 2217 987 2258 ipsius

146 2271 257 2303 ducis.

233 2377 307 2409 254.
321 2395 363 2401 —
377 2377 558 2417 Roduffus,
571 2378 641 2409 dux
655 2377 802 2414 Austrie‚
820 2377 984 2408 astuciam

144 2431 303 2462 nesciens
315 2431 487 2468 Italorum,
499 2441 567 2472 qua
579 2430 670 2462 orbis
683 2436 816 2462 ceteros
830 2436 864 2461 et
877 2431 988 2462 scien-

145 2484 201 2515 cia
222 2484 443 2521 antecellunt‚
474 2484 631 2515 inclitum
661 2484 836 2525 Hungarie
870 2493 986 2525 regem

144 2537 338 2579 importuna
370 2537 540 2568 instancia
571 2537 756 2575 lacessivit,
781 2544 816 2568 ut
845 2548 888 2568 ex
919 2537 986 2567 suis

145 2601 248 2622 unum
284 2602 360 2622 cum
391 2590 497 2631 ipsius
530 2591 715 2632 legacione
750 2591 908 2622 micteret
942 2591 987 2622 ad

145 2643 364 2684 magnificum
390 2643 564 2674 dominum
589 2643 813 2675 Franciscum
837 2645 880 2675 de
905 2643 987 2675 Car-

145 2695 235 2727 raria
270 2702 304 2727 et
338 2696 595 2738 aquilegensem
632 2697 863 2737 patriarcham
899 2697 987 2728 inter

145 2747 270 2779 ducem
307 2748 419 2789 ipsum
455 2755 490 2780 et
533 2749 689 2781 dominos
727 2750 902 2791 predictos
942 2749 985 2781 de

145 2806 289 2843 treugua
313 2808 547 2839 tractaturum,
560 2813 667 2845 usque
692 2803 735 2834 ad
759 2804 867 2834 sancti
892 2803 985 2834 Mar-

146 2854 207 2884 tini
223 2854 346 2885 festum
365 2855 537 2886 duratura.
563 2856 668 2887 Cuius
684 2856 848 2896 peticioni
865 2856 986 2887 volens

146 2917 274 2938 anuere
295 2908 369 2948 ipse
393 2908 551 2940 dominus
574 2919 648 2947 rex,
679 2910 837 2940 comitem
862 2910 986 2941 Iohan-

236 3020 277 3046 23.
297 3016 353 3039 suit
372 3017 494 3048 capitan.
514 3017 546 3039 M
566 3030 596 3034 —
618 3023 659 3047 42.
679 3017 870 3048 aquilegensis
891 3018 925 3040 ,ll

1055 884 1091 914 lO

1054 1202 1089 1233 15

1050 1468 1090 1498 20

1049 1998 1089 2028 30

1052 2583 1092 2612 40

1052 2849 1088 2877 45

1471 388 1611 419 REDAz.
1636 387 1674 418 D

1146 460 1190 491 de>
1204 465 1354 492 tresento
1370 459 1512 501 pedoni,
1528 459 1537 489 i
1553 459 1644 501 quali
1662 469 1723 500 per
1736 459 1842 501 quilii,
1857 459 1919 490 che
1933 470 1982 491 re-

1146 523 1231 554 ¹ceva
1247 513 1282 551 li,
1299 523 1366 545 non
1384 514 1420 545 fo
1438 523 1539 554 ampo
1556 513 1730 549 recevudi,
1755 513 1905 554 digando
1924 514 1986 544 che

1147 567 1204 597 elli
1219 577 1262 598 no
1280 567 1390 598 havea
1401 567 1562 598 mandato
1576 577 1595 596 a
1613 566 1743 608 quello;
1759 576 1812 596 ma
1829 576 1873 597 no
1889 567 1990 597 molto

1148 619 1223 651 drio
1241 620 1297 650 elli
1315 621 1352 651 fo
1367 620 1423 662 po'
1441 618 1616 651 recevudi.
1642 619 1707 650 Per
1724 620 1756 649 la
1771 619 1847 661 qual
1863 629 1943 651 cosa
1957 619 1986 649 el

1149 673 1330 714 magnifico
1348 673 1468 716 signor
1482 673 1609 704 mesier
1634 673 1840 710 Francesco,
1863 672 1990 714 acoche

1148 725 1157 755 i
1173 736 1210 756 so
1227 726 1353 758 subditi
1370 737 1414 758 no
1432 727 1523 758 fosse
1540 725 1754 767 damuecadi,
1771 725 1883 757 subito
1900 736 1991 756 man-

1147 779 1191 810 do
1219 786 1322 820 gente
1352 779 1386 810 in
1411 779 1616 822 Valsugana‚
1640 779 1773 810 benche
1799 790 1861 820 per
1883 778 1992 810 tracta

1148 831 1190 862 de
1206 842 1316 863 meser
1336 832 1460 874 Ferigo
1477 831 1511 863 di
1530 832 1692 869 Mathlor‚
1709 831 1807 862 solda
1823 831 1880 863 del
1898 831 1990 863 dicto

1148 884 1333 927 magnifico
1357 885 1487 927 signer,
1512 885 1544 916 el
1569 885 1648 926 qual
1673 885 1709 916 fo
1734 884 1857 916 manda
1884 884 1903 915 li
1927 895 1990 916 con

1149 937 1181 968 le
1205 944 1308 980 gente
1334 938 1392 970 del
1415 939 1510 970 dicto
1542 938 1670 980 signor,
1702 937 1734 968 la
1757 939 1851 970 dicta
1873 944 1992 980 treuga

1149 991 1193 1022 da
1218 1002 1284 1023 una
1308 998 1404 1032 parte
1429 998 1462 1024 et
1487 993 1530 1023 da
1552 991 1664 1023 l’altra
1688 993 1724 1023 fo
1748 991 1903 1023 fermada
1928 992 1993 1022 fina

1148 1043 1181 1074 la
1204 1055 1301 1087 meca
1325 1055 1539 1087 quaresema,
1565 1046 1630 1077 che
1655 1045 1767 1076 dovea
1791 1045 1932 1087 vignire.

1238 1151 1310 1183 253.
1336 1173 1375 1177 —-
1405 1152 1537 1184 Siando
1568 1151 1600 1182 la
1632 1151 1772 1184 fortuna
1803 1152 1992 1187 contraria,

1147 1213 1247 1235 como
1273 1204 1290 1235 ὲ
1315 1205 1455 1246 scripto,
1480 1215 1499 1235 a
1523 1203 1622 1246 quilli
1640 1205 1683 1235 da
1707 1204 1942 1246 Spilimbergo
1959 1210 1991 1235 et

1146 1267 1215 1288 non
1239 1257 1412 1288 habiando
1444 1268 1612 1299 spei-anca
1642 1258 1677 1288 in
1712 1257 1733 1287 li
1765 1257 1910 1288 remedii
1934 1257 1989 1288 del

1147 1311 1230 1342 duse
1255 1311 1290 1341 di
1308 1310 1478 1345 Ostorico,
1497 1310 1527 1342 el
1549 1311 1656 1342 castel
1673 1311 1716 1342 de
1734 1311 1858 1348 Truso,
1878 1310 1993 1352 antiga

1147 1364 1343 1404 possession
1369 1365 1412 1395 de
1437 1375 1517 1396 casa
1533 1375 1603 1397 soa.
1628 1364 1659 1395 el
1677 1364 1741 1396 sito
1761 1365 1820 1396 del
1837 1365 1917 1405 qual
1935 1374 1993 1395 era

1148 1417 1251 1448 molto
1269 1427 1398 1459 aconco
1414 1428 1434 1448 a
1451 1417 1547 1459 quilli
1565 1417 1599 1448 di
1617 1417 1850 1459 Spilimbergo
1875 1423 1909 1448 et
1925 1417 1992 1448 alla

1146 1476 1249 1512 gente
1264 1471 1296 1501 di
1316 1470 1478 1512 colligadi
1495 1471 1527 1501 el
1545 1471 1730 1506 contrario,
1748 1481 1809 1511 per
1826 1470 1935 1501 tracta
1949 1470 1992 1501 de

1147 1523 1254 1565 quilii,
1278 1525 1343 1554 che
1369 1524 1401 1555 lo
1426 1524 1598 1561 habitam,
1623 1524 1677 1554 del
1702 1534 1792 1555 mese
1818 1525 1861 1555 de
1885 1523 1992 1554 avrile

1146 1586 1256 1609 venne
1271 1576 1336 1608 alle
1354 1586 1430 1607 man
1448 1577 1504 1607 del
1522 1577 1729 1617 patriarcha,
1743 1576 1773 1608 el
1788 1577 1867 1619 qual
1880 1577 1991 1608 subito

1146 1630 1177 1661 el
1194 1629 1248 1661 de’
1271 1631 1304 1660 iu
1330 1630 1372 1661 fio
1398 1630 1442 1661 ad
1466 1641 1511 1661 un
1535 1631 1633 1666 altro,
1657 1630 1787 1672 acoche
1812 1631 1892 1672 ogni
1916 1640 1992 1671 spe-

1145 1694 1249 1725 ranea
1273 1684 1282 1713 i
1300 1683 1392 1715 fosse
1409 1684 1493 1716 tolta
1509 1684 1552 1714 de
1570 1684 1723 1725 posserlo
1739 1684 1797 1724 piu
1814 1684 1988 1716 rehavere.

1147 1737 1206 1768 Po'
1225 1737 1256 1768 el
1281 1737 1316 1768 di
1334 1744 1500 1779 segueute
1525 1737 1680 1769 Gerardo
1705 1736 1749 1767 da
1764 1737 1918 1773 Ribiera„
1936 1747 1991 1768 ca-

1146 1790 1275 1831 pitanio
1294 1790 1350 1822 del
1367 1790 1553 1832 magnifico
1570 1791 1687 1832 signor
1704 1790 1826 1821 mesier
1843 1791 1993 1822 France-

1147 1855 1205 1876 sco
1223 1843 1268 1876 da
1280 1843 1439 1880 Carrara,
1454 1854 1520 1875 con
1534 1844 1565 1875 le
1580 1851 1682 1886 gente
1696 1843 1752 1875 del
1767 1844 1860 1875 dicto
1875 1844 1993 1887 signor

1147 1904 1180 1930 et
1204 1908 1270 1930 con
1287 1897 1400 1939 quelle
1418 1898 1461 1928 de
1479 1897 1585 1928 Frioli
1603 1897 1693 1928 intro
1710 1897 1742 1927 in
1761 1897 1793 1927 la
1808 1908 1893 1940 gran
1909 1897 1992 1929 villa

1147 1952 1190 1982 de
1221 1951 1419 1987 Cordmon,
1453 1950 1605 1982 etiandio
1637 1952 1732 1982 facta
1760 1951 1862 1987 forte,
1886 1950 1991 1982 usada

1147 2004 1191 2036 de
1215 2004 1368 2036 abondar
1390 2004 1496 2035 molto
1522 2004 1564 2035 de
1589 2004 1764 2043 victurine,
1788 2004 1921 2035 benche
1946 2004 1993 2034 al-

1148 2057 1219 2088 lora
1233 2067 1343 2088 vacua
1359 2067 1422 2098 per
1437 2068 1543 2098 paura
1557 2057 1589 2088 di
1609 2056 1784 2098 colligadi,
1801 2063 1834 2088 et
1850 2055 1877 2088 si
1895 2057 1990 2088 vinse

1148 2111 1178 2142 el
1205 2110 1319 2146 castel,
1346 2111 1410 2141 che
1438 2121 1497 2141 era
1520 2109 1554 2148 li,
1580 2111 1634 2151 po'
1658 2109 1685 2141 si
1710 2110 1810 2141 brusa
1835 2110 1866 2141 la
1899 2110 1991 2142 dicta

1145 2164 1237 2199 villa,
1260 2163 1415 2195 robando
1440 2163 1522 2205 ogni
1547 2174 1638 2202 cosa,
1662 2164 1727 2194 che
1751 2163 1809 2194 elli
1833 2163 1941 2205 trova,
1957 2170 1991 2195 et

1146 2217 1317 2248 brusando
1343 2217 1407 2248 tina
1424 2217 1488 2248 alle
1512 2223 1610 2258 porte
1628 2216 1662 2248 di
1681 2217 1865 2255 Portenon,
1883 2217 1989 2248 castel

1147 2271 1288 2311 proprio
1313 2270 1368 2301 del
1393 2270 1485 2301 dicto
1510 2271 1594 2301 duse
1617 2270 1661 2301 de
1686 2270 1856 2302 Ostorico.

1237 2378 1312 2408 254.
1342 2396 1374 2400 —
1404 2377 1572 2414 Rodoffo,
1591 2378 1672 2409 duse
1691 2377 1734 2408 de
1752 2377 1925 2415 Ostorico,
1943 2387 1987 2408 no

1148 2431 1386 2474 cognossando
1421 2431 1451 2461 el
1488 2440 1593 2461 senno
1627 2429 1893 2472 deg[l]’ltaliani,
1927 2431 1983 2462 del

1148 2484 1247 2525 quale
1273 2490 1306 2515 et
1331 2485 1374 2514 de
1398 2483 1549 2515 sciencia
1572 2483 1581 2514 i
1599 2493 1698 2524 passa
1715 2483 1791 2514 tutti
1809 2483 1913 2526 quelli
1932 2483 1989 2515 del

1147 2537 1284 2573 mondo,
1302 2547 1366 2567 con
1382 2537 1512 2578 grande
1530 2537 1697 2568 instancia
1714 2547 1775 2577 per
1790 2547 1850 2567 soa
1875 2536 1990 2568 amba-

1147 2591 1240 2622 xaria
1265 2590 1371 2632 prego
1396 2589 1537 2620 l'inclito
1563 2599 1599 2620 re
1623 2589 1667 2621 de
1700 2589 1887 2632 Hongaria,
1920 2591 1985 2621 che

1146 2644 1278 2674 volesse
1304 2643 1448 2673 mandat
1470 2652 1516 2673 un
1542 2643 1577 2673 di
1602 2642 1652 2674 soi
1675 2642 1707 2673 al
1732 2643 1915 2685 magnifico
1941 2643 1987 2674 si-

1146 2707 1233 2739 gnor
1256 2696 1381 2727 mesier
1412 2697 1607 2727 Francesco
1639 2696 1683 2726 da
1715 2696 1861 2727 Carrara
1887 2702 1919 2727 et
1951 2696 1981 2726 al

1146 2749 1343 2791 patriarcha
1357 2748 1528 2790 d'Agolia‚
1541 2749 1605 2780 che
1623 2755 1790 2781 tractasse
1807 2750 1850 2780 de
1867 2755 1985 2790 treuga

1145 2810 1198 2834 tra
1222 2803 1231 2833 i
1258 2803 1335 2834 ditti
1358 2802 1485 2844 signori
1511 2814 1528 2833 e
1554 2803 1575 2832 'l
1607 2802 1699 2834 Duse
1732 2802 1883 2843 preditto
1915 2803 1980 2834 che

1145 2856 1285 2887 durasse
1310 2856 1354 2886 fin
1378 2866 1398 2885 a
1420 2855 1453 2886 la
1479 2856 1566 2887 festa
1590 2856 1623 2887 di
1649 2855 1718 2887 San
1736 2855 1874 2886 Martin.
1899 2854 1977 2886 Alla

1145 2908 1315 2940 domanda
1340 2908 1396 2940 del
1421 2909 1500 2950 qual
1518 2909 1665 2940 voiando
1690 2909 1835 2944 satisfiat,
1854 2909 1980 2940 mesier

1234 3023 1274 3047 37.
1296 3017 1356 3039 deie
1378 3017 1403 3039 l'
1414 3017 1438 3040 E
