2422 3684
415 274 483 308 134
751 274 919 308 GESTA
949 275 1249 309 MAGNIFICA
1278 275 1462 310 DOMUS
1502 270 1894 310 CARRARIENSIS

727 407 867 439 REDAz.
892 407 924 439 A

403 485 526 508 turum.
572 476 699 519 Sicque
724 479 917 519 prepositus
941 481 1014 520 ipse
1039 490 1115 511 curn
1135 480 1244 510 forma

404 531 571 562 factarum
588 532 805 563 induciarum
825 537 858 562 et
874 538 975 573 prout
988 532 1061 573 regi
1075 532 1246 573 placuerit

406 584 600 615 fiendarum
626 585 669 616 ad
693 587 869 627 propriam
888 586 1037 628 [terram]
1063 586 1201 618 redivit.

491 1011 564 1040 200.
579 1028 623 1032 —
635 1009 954 1051 Spilimbergenses,
973 1012 1029 1054 qui
1047 1018 1124 1044 ante
1137 1013 1244 1044 adhe-

402 1063 530 1093 sionem
555 1063 700 1093 ducibus
725 1063 860 1094 Austrie
879 1070 912 1095 et
928 1064 1151 1097 rebellionem
1170 1066 1243 1097 fac-

402 1120 467 1145 tam
487 1116 518 1145 in
537 1115 610 1146 eius
627 1122 768 1146 matrem
787 1117 1045 1159 aquilegensem
1061 1119 1244 1151 ecclesiam

403 1169 560 1199 videntes
577 1179 612 1199 se
638 1169 768 1200 viribus
793 1176 826 1200 et
854 1171 1010 1202 consiliis
1027 1172 1243 1204 dominorum

402 1221 579 1253 Francisci
606 1222 648 1252 de
675 1222 833 1253 Carraria
866 1230 898 1254 et
923 1225 1156 1266 aquilegensis
1184 1236 1243 1266 pa-

402 1274 552 1305 triarche
572 1275 739 1306 deductos
759 1277 855 1316 quasi
873 1277 916 1308 ad
934 1277 1087 1308 ultimum
1105 1279 1243 1310 fortune

402 1338 460 1357 sue
486 1338 613 1365 casum,
639 1339 802 1371 spemque
835 1330 899 1361 sibi
933 1331 1119 1369 defecisse,
1143 1342 1243 1374 quam

402 1390 468 1410 non
495 1380 664 1412 modicam
690 1383 725 1412 in
751 1381 888 1413 Austrie
913 1383 1058 1416 ducibus
1080 1394 1243 1426 reposue-

401 1440 487 1471 rant,
513 1445 576 1466 nec
601 1446 715 1466 eorum
740 1442 920 1476 potentatu
943 1438 1166 1480 magnificum
1185 1439 1245 1470 do-

402 1487 528 1518 minum
548 1489 782 1527 Franciscum‚
806 1491 888 1532 quin
914 1491 948 1521 in
968 1501 1025 1522 eos
1042 1491 1245 1534 insurgeret,

403 1540 584 1578 destitisse,
617 1542 675 1583 qui
706 1553 822 1574 eorum
857 1550 1065 1584 potentatus,
1098 1551 1245 1587 quantus

402 1593 454 1629 sit,
473 1604 490 1624 a
508 1595 628 1634 paucis
642 1597 872 1637 cognoscitur,
890 1598 1002 1629 coacti
1019 1598 1126 1640 magis
1143 1609 1243 1640 quam

403 1646 548 1677 ultronei
574 1658 635 1688 per
659 1650 823 1690 quosdam
851 1650 892 1681 de
911 1650 1027 1682 Patria
1050 1652 1113 1682 sibi
1130 1652 1246 1683 affines

404 1699 562 1730 fecerunt
595 1701 636 1731 dc
674 1703 966 1735 reconciliacione
1001 1715 1077 1736 cum
1113 1705 1244 1747 aquile-

403 1753 498 1793 gensi
531 1755 680 1786 ecclesia
717 1757 850 1787 tentari.
896 1757 941 1788 Et
970 1764 1007 1788 ut
1039 1759 1145 1789 multa
1183 1759 1245 1790 sub

402 1807 566 1837 sermonis
597 1807 769 1839 brevitate
799 1811 1016 1851 concludam,
1042 1812 1246 1843 recedentes

402 1859 434 1889 in
453 1866 560 1890 totum
578 1871 598 1891 a
616 1861 688 1893 fide
706 1869 739 1893 et
757 1862 973 1902 obediencia,
990 1875 1089 1906 quam
1109 1865 1245 1897 Austrie

403 1913 548 1944 ducibus
565 1915 795 1954 prestiterant.
813 1923 974 1958 tanquam
993 1917 1035 1948 ab
1052 1918 1115 1959 ipsi
1134 1919 1245 1950 delusi

402 1966 445 1996 ad
470 1967 701 2009 aquilegensis
726 1970 876 2000 ecclesie
901 1971 1067 2011 gremium
1096 1972 1245 2009 rediere,

402 2019 500 2050 cuius
524 2021 762 2053 vicedominus
787 2023 946 2065 egregius
970 2030 1041 2055 erat
1065 2024 1161 2055 miles
1184 2025 1245 2056 do-

402 2073 511 2103 minus
530 2075 733 2106 Franciscus
751 2076 793 2106 de
807 2075 1043 2118 Savorgnano,
1061 2078 1128 2119 qui,
1148 2079 1244 2110 adhi-

403 2126 475 2156 bito
514 2126 863 2169 Spilimbergensibus
901 2130 982 2170 ipsis
1020 2138 1245 2169 sacramento,

405 2179 603 2211 fidelitatem
619 2186 652 2211 et
669 2181 922 2220 obedienciam,
935 2193 1034 2224 quam
1061 2183 1245 2220 debebant,

401 2233 551 2263 ecclesie
577 2233 778 2266 iuraverunt
801 2236 1027 2278 aquilegensi,
1050 2247 1185 2268 necnon
1203 2247 1245 2268 ex

402 2285 484 2325 ipsis
509 2284 661 2317 Paduam
688 2289 830 2320 veniens
858 2289 1066 2321 Pertholdus
1089 2290 1245 2321 humilia-

403 2345 494 2370 turus
526 2349 560 2369 se
593 2340 656 2381 ipsi
690 2343 874 2382 magnifico
907 2343 1045 2374 domino
1077 2353 1171 2374 suum
1208 2353 1243 2375 se

403 2392 487 2422 fecit
511 2393 656 2424 amicum
684 2402 717 2426 et
749 2396 962 2427 servitorem.
1009 2396 1108 2427 Ultra
1139 2406 1244 2437 gene-

403 2445 521 2475 raliter
555 2447 722 2487 promissa
756 2447 818 2489 ipsi
852 2448 927 2480 vice
963 2449 1113 2486 domino,
1145 2456 1245 2490 prout

402 2504 538 2528 constat
561 2506 780 2540 programmate
804 2501 866 2531 sub
891 2512 951 2532 suo
969 2502 1097 2543 patenti
1121 2502 1244 2544 sigillo,

403 2551 557 2589 promisit
581 2557 615 2582 et
639 2553 739 2583 etiam
769 2555 949 2594 pecuniam
975 2555 1118 2591 solvere,
1143 2566 1243 2597 quam

402 2602 458 2633 diu
484 2611 564 2635 ante
588 2613 762 2644 renuerat,
788 2617 863 2638 cum
890 2607 983 2638 mille
1015 2608 1155 2640 florenis
1186 2610 1245 2640 de-

404 2656 523 2687 functo
548 2658 743 2698 patriarche
769 2661 916 2701 prestitis
934 2661 976 2692 ad
1001 2661 1149 2702 prelium
1167 2662 1245 2703 Spi-

402 2708 690 2749 limberfgensibus
714 2712 796 2753 ipsis
820 2713 1039 2744 inferendum
1065 2713 1126 2745 sub
1144 2715 1245 2746 certis

404 2763 559 2794 terminis
582 2764 794 2802 solvendam,
819 2772 919 2806 prout
942 2767 1006 2798 hec
1039 2767 1153 2798 omnia
1184 2778 1244 2808 pu-

405 2813 495 2845 blice
520 2822 687 2848 constant.

496 3031 518 3049 2.
540 3026 596 3058 ipsi
619 3028 652 3049 M

1313 903 1349 932 10

1313 1220 1348 1250 15

1310 1485 1350 1514 20

1310 1749 1349 1780 25

1309 2015 1350 2045 30

1308 2282 1347 2312 35

1309 2546 1372 2575 40.1

1370 2611 1372 2643 Q
1403 2606 1434 2636 al
1460 2606 1550 2637 dicto
1576 2606 1807 2644 vicedomino,
1825 2607 1881 2637 elli
1899 2608 2045 2648 promise
2069 2609 2112 2640 de
2135 2618 2242 2650 pagar

1371 2671 1372 2675 ¹
1404 2658 1434 2690 al
1451 2659 1545 2690 dicto
1561 2659 1752 2701 magnifico
1767 2660 1883 2701 signor
1906 2661 2030 2691 mesier
2045 2661 2242 2692 Francesco

1371 2720 1372 2725 ¹
1403 2711 1518 2753 quella
1548 2712 1700 2753 quantita
1730 2713 1772 2743 de
1797 2713 1921 2751 dinari‚
1953 2714 2015 2744 che
2043 2714 2098 2745 elli
2132 2715 2241 2746 havea

1308 2808 1347 2840 45

1721 408 1858 439 REDAZ.
1884 409 1916 440 D

1403 478 1574 520 Liopoldo
1598 490 1642 511 no
1665 480 1769 511 volea
1800 480 1953 517 assentit,
1977 491 2012 511 se
2044 490 2088 512 no
2120 480 2192 512 sina
2223 493 2243 513 a

1404 533 1437 563 di
1461 541 1527 563 xm
1551 533 1608 564 del
1633 543 1723 564 mese
1748 533 1791 564 de
1816 539 1969 570 octovre‚
2002 533 2153 574 digando
2176 535 2241 566 che

1403 595 1441 616 so
1469 585 1594 617 fraeno
1619 596 1678 616 era
1702 586 1792 617 anda
1816 586 1870 618 ala
1894 585 2076 627 presencia
2108 586 2164 617 del
2193 598 2242 625 re,

1404 645 1437 669 et
1451 639 1516 670 che
1533 638 1568 676 li,
1584 639 1715 680 sapuda
1729 639 1925 671 l'intencion
1941 639 1998 670 del
2011 639 2105 670 dicto
2119 640 2243 672 mesier

1404 691 1436 722 10
1460 702 1508 729 re,
1534 691 1602 723 ello
1626 693 1746 724 farave
1771 699 1806 724 et
1830 692 2015 724 obedirave
2040 693 2084 723 ad
2101 693 2181 735 ogni
2205 704 2242 725 so

1404 745 1701 777 comandamento.
1741 745 1783 776 Et
1809 746 1878 777 cosi
1898 746 1929 777 el
1946 745 2039 777 dicto
2056 746 2243 787 preposito,

1405 806 1471 828 con
1496 797 1528 828 la
1551 797 1662 829 forma
1686 797 1728 829 de
1755 798 1910 830 l’indusie
1934 799 2026 830 facte
2051 805 2085 830 et
2101 799 2166 830 che
2183 809 2244 830 an-

1405 851 1509 882 chora
1533 861 1568 882 se
1586 851 1714 889 farave,
1731 862 1831 884 como
1849 852 1999 893 piasesse
2025 863 2043 882 a
2066 851 2189 883 mesier
2208 852 2243 884 lo

1404 913 1452 942 re,
1477 914 1512 935 se
1531 914 1572 935 ne
1589 904 1687 936 torno
1704 905 1736 936 al
1760 914 1797 936 so
1814 904 1952 947 signore
1971 911 2004 936 et
2023 906 2058 936 in
2075 915 2111 936 so
2128 915 2242 946 paese.

1494 1011 1566 1041 266.
1591 1029 1630 1033 —
1657 1010 1767 1048 Quilli
1792 1012 1835 1042 da
1860 1011 2126 1054 Spilimbergo‚i
2151 1012 2245 1054 quali

1405 1074 1467 1104 per
1482 1063 1594 1106 inanci
1611 1074 1647 1096 se
1664 1064 1773 1095 havea
1799 1064 1883 1096 facti
1905 1065 2087 1096 adherenti
2111 1065 2143 1096 ai
2170 1065 2244 1097 dusi

1406 1118 1448 1148 de
1481 1116 1642 1148 Ostorico
1677 1123 1712 1148 et
1751 1118 1859 1149 havea
1888 1118 2019 1150 rebella
2058 1124 2178 1150 contro
2213 1119 2245 1149 la

1405 1170 1522 1212 gliiesa
1539 1170 1713 1213 d'Agolia,
1731 1172 1922 1213 vecandose
1941 1182 2034 1203 esser
2059 1172 2245 1214 desuguale

1406 1223 1472 1254 alle
1498 1223 1594 1266 force
1620 1229 1653 1254 et
1677 1224 1708 1254 ai
1729 1225 1875 1267 consigli
1900 1225 1933 1255 di
1966 1225 2096 1267 signori
2121 1225 2245 1266 mesier

1406 1279 1601 1309 Francesco
1635 1278 1679 1308 da
1711 1277 1859 1310 Carrara
1892 1285 1925 1310 et
1959 1277 2014 1309 del
2048 1277 2246 1319 patriarcha

1406 1331 1579 1372 d’Agolia,
1603 1331 1723 1362 siando
1748 1331 1842 1373 quasi
1878 1332 2030 1373 vignudo
2058 1343 2078 1362 a
2102 1331 2244 1363 l’ultimo

1406 1393 1486 1415 caso
1512 1384 1603 1415 della
1628 1384 1765 1415 fortuna
1795 1390 1828 1416 et
1852 1385 2045 1427 vecandose
2081 1385 2245 1416 manchar

1407 1437 1437 1468 la
1452 1447 1632 1479 speranca,
1652 1437 1684 1467 la
1708 1437 1787 1478 qual
1811 1443 1897 1469 tutta
1922 1438 1978 1470 elli
2004 1439 2112 1469 havea
2129 1439 2244 1469 mectu

1405 1490 1458 1522 nei
1484 1490 1559 1521 dusi
1583 1490 1624 1521 de
1649 1489 1880 1528 Ostorieo‚'ne
1901 1502 1995 1522 esser
2011 1492 2109 1522 stado
2128 1491 2158 1522 el
2176 1501 2246 1522 ma-

1405 1543 1539 1586 gnifico
1549 1543 1667 1586 signor
1685 1544 1808 1575 mesier
1826 1545 2021 1576 Francesco
2037 1543 2083 1575 da
2099 1544 2245 1576 Carrara

1407 1607 1468 1637 per
1492 1606 1658 1640 possanca
1681 1597 1715 1628 di
1741 1597 1822 1628 dicti
1847 1597 1933 1635 dusi,
1959 1599 2023 1629 che
2049 1597 2117 1628 ello
2141 1607 2186 1628 no
2202 1608 2244 1640 ge

1407 1649 1507 1681 habia
1531 1650 1625 1682 facto
1649 1660 1784 1692 guerra,
1808 1651 1996 1682 constrecti
2022 1651 2079 1692 piu
2103 1651 2169 1682 cha
2200 1650 2244 1683 de
2268 1671 2278 1677 ›

1407 1702 1548 1735 volunta
1572 1702 1618 1735 fe'
1643 1703 1788 1736 cerchar
1812 1715 1873 1746 per
1904 1705 2019 1747 alguni
2044 1715 2080 1736 so
2109 1704 2243 1746 parenti

1407 1756 1499 1788 della
1516 1755 1633 1787 Patria
1655 1756 1697 1787 de
1721 1758 1964 1789 reconciliarse
1990 1768 2053 1790 con
2074 1758 2103 1788 la
2123 1758 2244 1801 ghiesa

1407 1809 1577 1852 d’Agolia.
1613 1810 1658 1842 Et
1682 1810 1838 1852 acoch'io
1856 1810 2027 1842 concluda
2043 1811 2146 1842 molte
2164 1820 2243 1842 cose

1407 1869 1501 1895 socto
1520 1862 1650 1895 brevita
1663 1864 1706 1896 de
1724 1863 1853 1905 parole,
1871 1864 1928 1895 elli
1947 1875 1982 1895 se
2001 1863 2087 1905 parti
2104 1864 2138 1894 in
2155 1869 2243 1895 tutto

1407 1916 1498 1947 dalla
1523 1917 1556 1948 fe
1577 1923 1612 1948 et
1634 1916 1727 1948 dalla
1744 1917 1961 1953 obediencia,
1979 1917 2043 1948 che
2061 1917 2117 1948 elli
2134 1917 2243 1948 havea

1407 1970 1449 2001 da
1474 1976 1508 2001 et
1532 1970 1626 2002 facta
1649 1970 1679 2000 ai
1705 1970 1779 2001 dusi
1803 1969 1846 2002 de
1871 1970 2042 2009 Ostorico,
2063 1980 2160 2002 como
2184 1970 2244 2002 ho-

1406 2023 1485 2054 mini
1509 2023 1640 2054 beffadi
1664 2024 1709 2054 da
1726 2024 1811 2060 loro,
1829 2029 1862 2054 et
1886 2024 2026 2055 retorno
2051 2023 2082 2054 al
2100 2023 2243 2066 grembo

1406 2076 1496 2107 della
1518 2077 1639 2117 ghiesa
1663 2076 1835 2118 d’Agolia‚
1860 2077 1952 2108 della
1977 2078 2056 2118 qual
2076 2087 2134 2108 era
2152 2078 2244 2109 vice-

1406 2129 1544 2161 domino
1563 2129 1593 2160 el
1612 2129 1809 2160 cliavaliero
1835 2131 1973 2173 egregio
1993 2130 2117 2161 mesier
2138 2131 2244 2162 Fran-

1405 2192 1506 2214 cesco
1531 2183 1574 2213 da
1598 2181 1810 2223 Savorgnan,
1836 2183 1866 2213 el
1895 2183 1973 2224 qual
1999 2182 2054 2214 de’
2078 2183 2188 2224 prima
2211 2183 2243 2214 el

1403 2241 1619 2276 sagramento
1642 2236 1673 2267 ai
1698 2235 1782 2267 dicti
1806 2235 1850 2267 da
1875 2235 2119 2277 Spilimbergo,
2137 2242 2170 2267 et
2185 2236 2244 2267 elli

1405 2289 1485 2329 curo
1509 2289 1541 2320 la
1564 2289 1695 2320 fedelta
1718 2296 1752 2321 et
1776 2289 1808 2320 la
1842 2290 2058 2328 obediencia,
2089 2289 2154 2322 che
2185 2290 2243 2321 elli

1370 2372 1371 2375 ,
1403 2352 1462 2374 era
1487 2343 1580 2385 tignu
1605 2342 1671 2374 alla
1694 2344 1813 2386 ghiesa
1829 2343 2000 2386 d’Agolia‚
2019 2348 2053 2374 et
2070 2343 2243 2381 Pertoldo‚

1403 2407 1447 2427 un
1465 2395 1498 2427 di
1515 2397 1662 2436 predicti
1676 2397 1804 2437 signori
1817 2396 1861 2428 da
1873 2396 2114 2438 Spilimbergo,
2131 2407 2242 2429 venne

1403 2460 1423 2480 a
1447 2449 1539 2480 Pava
1563 2449 1608 2481 ad
1631 2449 1829 2480 humiliarse
1861 2451 1893 2481 al
1927 2449 2022 2481 dicto
2057 2449 2241 2491 magnifico

1404 2500 1522 2541 signor
1544 2507 1577 2530 et
1600 2499 1690 2531 fesse
1716 2510 1754 2532 so
1778 2501 1890 2543 amigo
1922 2509 1955 2533 et
1986 2503 2153 2533 servidor.
2200 2502 2243 2534 Et

1403 2553 1489 2584 oltra
1514 2558 1596 2584 tutte
1620 2553 1651 2583 le
1685 2563 1763 2584 cose
1787 2554 2044 2595 generalmente
2067 2564 2242 2596 promesse

1403 2763 1525 2795 recusa
1557 2765 1666 2805 prima
1695 2764 1738 2796 de
1769 2776 1886 2807 pagar,
1918 2772 1951 2797 et
1984 2767 2072 2798 oltra
2102 2767 2198 2809 quilli
2231 2767 2241 2797 i

1403 2816 1495 2849 mille
1512 2817 1635 2856 fiorini,
1648 2817 1713 2848 che
1727 2817 1747 2848 ’l
1762 2818 1852 2850 dicto
1869 2819 1987 2861 signor
2005 2820 2111 2851 havea
2127 2819 2241 2862 presta
