<?xml version="1.0" encoding="UTF-8"?>
<!DOCTYPE html PUBLIC "-//W3C//DTD XHTML 1.0 Transitional//EN"
    "http://www.w3.org/TR/xhtml1/DTD/xhtml1-transitional.dtd">
<html xmlns="http://www.w3.org/1999/xhtml" xml:lang="en" lang="en">
 <head>
  <title>
</title>
<meta http-equiv="Content-Type" content="text/html;charset=utf-8" />
  <meta name='ocr-system' content='tesseract 3.04.00' />
  <meta name='ocr-capabilities' content='ocr_page ocr_carea ocr_par ocr_line ocrx_word'/>
</head>
<body>
  <div class='ocr_page' id='page_1' title='image "./p1f11rerumitalica17murauoft_0191.png"; bbox 0 0 2422 3684; ppageno 0'>
   <div class='ocr_carea' id='block_1_1' title="bbox 0 0 29 954">
    <p class='ocr_par' dir='ltr' id='par_1_1' title="bbox 0 0 29 954">
     <span class='ocr_line' id='line_1_1' title="bbox 0 0 29 954; baseline 0 0"><span class='ocrx_word' id='word_1_1' title='bbox 0 0 29 954; x_wconf 95' lang='lat' dir='ltr'> </span> 
     </span>
    </p>
   </div>
   <div class='ocr_carea' id='block_1_2' title="bbox 498 242 1638 278">
    <p class='ocr_par' dir='ltr' id='par_1_2' title="bbox 498 242 1638 278">
     <span class='ocr_line' id='line_1_2' title="bbox 498 242 1638 278; baseline 0 0"><span class='ocrx_word' id='word_1_2' title='bbox 498 243 666 278; x_wconf 77' lang='lat' dir='ltr'>GESTA</span> <span class='ocrx_word' id='word_1_3' title='bbox 699 243 999 278; x_wconf 85' lang='lat' dir='ltr'><strong>MAGNIFICA</strong></span> <span class='ocrx_word' id='word_1_4' title='bbox 1028 243 1214 278; x_wconf 88' lang='lat' dir='ltr'>DOMUS</span> <span class='ocrx_word' id='word_1_5' title='bbox 1244 242 1638 278; x_wconf 86' lang='lat' dir='ltr'>CARRARIENSIS</span> 
     </span>
    </p>
   </div>
   <div class='ocr_carea' id='block_1_3' title="bbox 154 318 1970 326">
    <p class='ocr_par' dir='ltr' id='par_1_3' title="bbox 154 318 1970 326">
     <span class='ocr_line' id='line_1_3' title="bbox 154 318 1970 326; baseline -0.001 -1"><span class='ocrx_word' id='word_1_6' title='bbox 154 318 201 326; x_wconf 52' lang='grc' dir='ltr'><em>κ...-</em></span> <span class='ocrx_word' id='word_1_7' title='bbox 203 318 1970 325; x_wconf 23' lang='grc'>......................................................................................................................................................................................</span> 
     </span>
    </p>
   </div>
   <div class='ocr_carea' id='block_1_4' title="bbox 477 374 667 408">
    <p class='ocr_par' dir='ltr' id='par_1_4' title="bbox 477 374 667 408">
     <span class='ocr_line' id='line_1_4' title="bbox 477 374 667 408; baseline -0.011 0"><span class='ocrx_word' id='word_1_8' title='bbox 477 376 612 408; x_wconf 80' lang='lat' dir='ltr'>REDAz.</span> <span class='ocrx_word' id='word_1_9' title='bbox 636 374 667 406; x_wconf 76' lang='lat' dir='ltr'><em>A</em></span> 
     </span>
    </p>
   </div>
   <div class='ocr_carea' id='block_1_5' title="bbox 137 446 992 1875">
    <p class='ocr_par' dir='ltr' id='par_1_5' title="bbox 137 446 992 1875">
     <span class='ocr_line' id='line_1_5' title="bbox 154 446 992 490; baseline -0.001 -11"><span class='ocrx_word' id='word_1_10' title='bbox 154 449 247 490; x_wconf 91' lang='lat' dir='ltr'>quod</span> <span class='ocrx_word' id='word_1_11' title='bbox 263 459 324 489; x_wconf 91' lang='lat' dir='ltr'>per</span> <span class='ocrx_word' id='word_1_12' title='bbox 348 447 506 479; x_wconf 89' lang='lat' dir='ltr'>dominos</span> <span class='ocrx_word' id='word_1_13' title='bbox 530 446 828 478; x_wconf 73' lang='lat' dir='ltr'>Mediolanensem</span> <span class='ocrx_word' id='word_1_14' title='bbox 845 453 878 478; x_wconf 86' lang='lat' dir='ltr'>et</span> <span class='ocrx_word' id='word_1_15' title='bbox 902 448 944 479; x_wconf 88' lang='lat' dir='ltr'>de</span> <span class='ocrx_word' id='word_1_16' title='bbox 959 447 992 478; x_wconf 90' lang='lat' dir='ltr'>la</span> 
     </span>
     <span class='ocr_line' id='line_1_6' title="bbox 154 498 992 540; baseline -0.001 -8"><span class='ocrx_word' id='word_1_17' title='bbox 154 501 256 532; x_wconf 87' lang='lat' dir='ltr'>Scala</span> <span class='ocrx_word' id='word_1_18' title='bbox 267 500 482 532; x_wconf 86' lang='lat' dir='ltr'>obiciebatur</span> <span class='ocrx_word' id='word_1_19' title='bbox 492 509 559 531; x_wconf 92' lang='lat' dir='ltr'>non</span> <span class='ocrx_word' id='word_1_20' title='bbox 570 499 697 530; x_wconf 87' lang='lat' dir='ltr'>debere</span> <span class='ocrx_word' id='word_1_21' title='bbox 713 498 920 531; x_wconf 81' lang='lat' dir='ltr'>Mantuanos</span> <span class='ocrx_word' id='word_1_22' title='bbox 930 510 992 540; x_wconf 88' lang='lat' dir='ltr'>pro</span> 
     </span>
     <span class='ocr_line' id='line_1_7' title="bbox 151 551 991 596; baseline 0 -11"><span class='ocrx_word' id='word_1_23' title='bbox 151 554 324 596; x_wconf 82' lang='lat' dir='ltr'>colligatis</span> <span class='ocrx_word' id='word_1_24' title='bbox 340 554 374 584; x_wconf 89' lang='lat' dir='ltr'>in</span> <span class='ocrx_word' id='word_1_25' title='bbox 392 562 477 594; x_wconf 87' lang='lat' dir='ltr'>pace</span> <span class='ocrx_word' id='word_1_26' title='bbox 494 552 668 584; x_wconf 85' lang='lat' dir='ltr'>concludi.</span> <span class='ocrx_word' id='word_1_27' title='bbox 695 551 764 588; x_wconf 84' lang='lat' dir='ltr'>Qui</span> <span class='ocrx_word' id='word_1_28' title='bbox 778 557 902 593; x_wconf 80' lang='lat' dir='ltr'>tamen,</span> <span class='ocrx_word' id='word_1_29' title='bbox 916 553 991 593; x_wconf 89' lang='lat' dir='ltr'>ipso</span> 
     </span>
     <span class='ocr_line' id='line_1_8' title="bbox 152 605 991 647; baseline -0.001 -9"><span class='ocrx_word' id='word_1_30' title='bbox 152 607 246 638; x_wconf 81' lang='lat' dir='ltr'>facto</span> <span class='ocrx_word' id='word_1_31' title='bbox 261 607 517 647; x_wconf 85' lang='lat' dir='ltr'>compromisso,</span> <span class='ocrx_word' id='word_1_32' title='bbox 534 605 672 636; x_wconf 84' lang='lat' dir='ltr'>fuerunt</span> <span class='ocrx_word' id='word_1_33' title='bbox 688 605 720 635; x_wconf 91' lang='lat' dir='ltr'>in</span> <span class='ocrx_word' id='word_1_34' title='bbox 737 605 811 646; x_wconf 85' lang='lat' dir='ltr'>ipsa</span> <span class='ocrx_word' id='word_1_35' title='bbox 827 616 914 646; x_wconf 85' lang='lat' dir='ltr'>pace</span> <span class='ocrx_word' id='word_1_36' title='bbox 928 617 991 647; x_wconf 93' lang='lat' dir='ltr'>pro</span> 
     </span>
     <span class='ocr_line' id='line_1_9' title="bbox 151 657 989 701; baseline -0.001 -11"><span class='ocrx_word' id='word_1_37' title='bbox 151 659 324 701; x_wconf 84' lang='lat' dir='ltr'>colligatis</span> <span class='ocrx_word' id='word_1_38' title='bbox 335 658 470 696; x_wconf 86' lang='lat' dir='ltr'>inclusi,</span> <span class='ocrx_word' id='word_1_39' title='bbox 483 657 792 699; x_wconf 81' lang='lat' dir='ltr'>protestacionibus</span> <span class='ocrx_word' id='word_1_40' title='bbox 808 659 989 690; x_wconf 73' lang='lat' dir='ltr'>confestim</span> 
     </span>
     <span class='ocr_line' id='line_1_10' title="bbox 151 710 990 752; baseline -0.001 -9"><span class='ocrx_word' id='word_1_41' title='bbox 151 712 285 744; x_wconf 88' lang='lat' dir='ltr'>iniectis</span> <span class='ocrx_word' id='word_1_42' title='bbox 299 722 361 752; x_wconf 88' lang='lat' dir='ltr'>per</span> <span class='ocrx_word' id='word_1_43' title='bbox 375 710 669 743; x_wconf 84' lang='lat' dir='ltr'><strong>mediolanensem</strong></span> <span class='ocrx_word' id='word_1_44' title='bbox 695 716 729 742; x_wconf 86' lang='lat' dir='ltr'>et</span> <span class='ocrx_word' id='word_1_45' title='bbox 753 721 990 747; x_wconf 80' lang='lat' dir='ltr'>veronensem,</span> 
     </span>
     <span class='ocr_line' id='line_1_11' title="bbox 150 765 990 807; baseline -0.001 -10"><span class='ocrx_word' id='word_1_46' title='bbox 150 766 206 807; x_wconf 87' lang='lat' dir='ltr'>qui</span> <span class='ocrx_word' id='word_1_47' title='bbox 230 772 327 797; x_wconf 88' lang='lat' dir='ltr'>actus</span> <span class='ocrx_word' id='word_1_48' title='bbox 341 765 377 796; x_wconf 90' lang='lat' dir='ltr'>in</span> <span class='ocrx_word' id='word_1_49' title='bbox 392 773 511 796; x_wconf 88' lang='lat' dir='ltr'>omnes</span> <span class='ocrx_word' id='word_1_50' title='bbox 526 774 630 794; x_wconf 91' lang='lat' dir='ltr'>unum</span> <span class='ocrx_word' id='word_1_51' title='bbox 647 774 782 805; x_wconf 82' lang='lat' dir='ltr'><strong>semper</strong></span> <span class='ocrx_word' id='word_1_52' title='bbox 798 765 907 801; x_wconf 78' lang='lat' dir='ltr'>fuere,</span> <span class='ocrx_word' id='word_1_53' title='bbox 923 775 990 796; x_wconf 90' lang='lat' dir='ltr'>nec</span> 
     </span>
     <span class='ocr_line' id='line_1_12' title="bbox 149 817 988 860; baseline -0.001 -11"><span class='ocrx_word' id='word_1_54' title='bbox 149 819 183 850; x_wconf 85' lang='lat' dir='ltr'>in</span> <span class='ocrx_word' id='word_1_55' title='bbox 206 818 319 860; x_wconf 85' lang='lat' dir='ltr'>aliquo</span> <span class='ocrx_word' id='word_1_56' title='bbox 343 817 553 849; x_wconf 88' lang='lat' dir='ltr'>erubuerunt</span> <span class='ocrx_word' id='word_1_57' title='bbox 575 817 690 857; x_wconf 90' lang='lat' dir='ltr'>palam</span> <span class='ocrx_word' id='word_1_58' title='bbox 715 817 829 848; x_wconf 86' lang='lat' dir='ltr'>omnia</span> <span class='ocrx_word' id='word_1_59' title='bbox 860 817 988 848; x_wconf 79' lang='lat' dir='ltr'>facere.</span> 
     </span>
     <span class='ocr_line' id='line_1_13' title="bbox 148 870 989 913; baseline -0.002 -11"><span class='ocrx_word' id='word_1_60' title='bbox 148 872 187 902; x_wconf 91' lang='lat' dir='ltr'>In</span> <span class='ocrx_word' id='word_1_61' title='bbox 211 881 289 913; x_wconf 86' lang='lat' dir='ltr'>quo,</span> <span class='ocrx_word' id='word_1_62' title='bbox 306 877 468 912; x_wconf 85' lang='lat' dir='ltr'>quantam</span> <span class='ocrx_word' id='word_1_63' title='bbox 491 870 678 901; x_wconf 82' lang='lat' dir='ltr'>servaverit</span> <span class='ocrx_word' id='word_1_64' title='bbox 703 870 804 901; x_wconf 87' lang='lat' dir='ltr'>fidem</span> <span class='ocrx_word' id='word_1_65' title='bbox 829 870 989 901; x_wconf 83' lang='lat' dir='ltr'>domiuus</span> 
     </span>
     <span class='ocr_line' id='line_1_14' title="bbox 148 923 990 964; baseline -0.005 -7"><span class='ocrx_word' id='word_1_66' title='bbox 148 926 226 957; x_wconf 81' lang='lat' dir='ltr'>dela</span> <span class='ocrx_word' id='word_1_67' title='bbox 240 925 343 958; x_wconf 86' lang='lat' dir='ltr'>Scala</span> <span class='ocrx_word' id='word_1_68' title='bbox 359 925 392 956; x_wconf 84' lang='lat' dir='ltr'>in</span> <span class='ocrx_word' id='word_1_69' title='bbox 409 924 605 956; x_wconf 85' lang='lat' dir='ltr'>Ecclesiam</span> <span class='ocrx_word' id='word_1_70' title='bbox 618 930 652 955; x_wconf 90' lang='lat' dir='ltr'>et</span> <span class='ocrx_word' id='word_1_71' title='bbox 669 923 860 964; x_wconf 80' lang='lat' dir='ltr'>colligatos,</span> <span class='ocrx_word' id='word_1_72' title='bbox 877 929 990 963; x_wconf 82' lang='lat' dir='ltr'>potest</span> 
     </span>
     <span class='ocr_line' id='line_1_15' title="bbox 146 976 990 1019; baseline -0.004 -9"><span class='ocrx_word' id='word_1_73' title='bbox 146 979 325 1010; x_wconf 83' lang='lat' dir='ltr'>manifeste</span> <span class='ocrx_word' id='word_1_74' title='bbox 350 977 529 1019; x_wconf 89' lang='lat' dir='ltr'>perpendi.</span> <span class='ocrx_word' id='word_1_75' title='bbox 575 977 663 1008; x_wconf 92' lang='lat' dir='ltr'>Nam</span> <span class='ocrx_word' id='word_1_76' title='bbox 689 976 848 1007; x_wconf 86' lang='lat' dir='ltr'>Ecclesie</span> <span class='ocrx_word' id='word_1_77' title='bbox 869 982 904 1007; x_wconf 81' lang='lat' dir='ltr'>et</span> <span class='ocrx_word' id='word_1_78' title='bbox 920 976 990 1007; x_wconf 93' lang='lat' dir='ltr'>col-</span> 
     </span>
     <span class='ocr_line' id='line_1_16' title="bbox 145 1029 989 1074; baseline -0.004 -11"><span class='ocrx_word' id='word_1_79' title='bbox 145 1031 258 1074; x_wconf 82' lang='lat' dir='ltr'>ligatis</span> <span class='ocrx_word' id='word_1_80' title='bbox 283 1031 413 1062; x_wconf 89' lang='lat' dir='ltr'>omissis</span> <span class='ocrx_word' id='word_1_81' title='bbox 436 1031 479 1061; x_wconf 90' lang='lat' dir='ltr'>de</span> <span class='ocrx_word' id='word_1_82' title='bbox 508 1040 577 1062; x_wconf 90' lang='lat' dir='ltr'>non</span> <span class='ocrx_word' id='word_1_83' title='bbox 604 1029 783 1061; x_wconf 81' lang='lat' dir='ltr'>servandis</span> <span class='ocrx_word' id='word_1_84' title='bbox 813 1030 989 1070; x_wconf 85' lang='lat' dir='ltr'>promissis</span> 
     </span>
     <span class='ocr_line' id='line_1_17' title="bbox 145 1082 988 1126; baseline -0.002 -11"><span class='ocrx_word' id='word_1_85' title='bbox 145 1091 288 1126; x_wconf 78' lang='lat' dir='ltr'>propter</span> <span class='ocrx_word' id='word_1_86' title='bbox 311 1090 451 1125; x_wconf 83' lang='lat' dir='ltr'>pestem,</span> <span class='ocrx_word' id='word_1_87' title='bbox 476 1082 687 1124; x_wconf 82' lang='lat' dir='ltr'>pretendens</span> <span class='ocrx_word' id='word_1_88' title='bbox 711 1082 988 1120; x_wconf 82' lang='lat' dir='ltr'>excusacionem,</span> 
     </span>
     <span class='ocr_line' id='line_1_18' title="bbox 145 1136 987 1173; baseline -0.004 -4"><span class='ocrx_word' id='word_1_89' title='bbox 145 1138 370 1169; x_wconf 85' lang='lat' dir='ltr'>concordium</span> <span class='ocrx_word' id='word_1_90' title='bbox 395 1137 492 1168; x_wconf 86' lang='lat' dir='ltr'>inivit</span> <span class='ocrx_word' id='word_1_91' title='bbox 509 1146 585 1167; x_wconf 89' lang='lat' dir='ltr'>cum</span> <span class='ocrx_word' id='word_1_92' title='bbox 602 1137 711 1173; x_wconf 84' lang='lat' dir='ltr'>hoste,</span> <span class='ocrx_word' id='word_1_93' title='bbox 729 1137 847 1167; x_wconf 88' lang='lat' dir='ltr'>volens</span> <span class='ocrx_word' id='word_1_94' title='bbox 866 1136 902 1166; x_wconf 83' lang='lat' dir='ltr'>id</span> <span class='ocrx_word' id='word_1_95' title='bbox 919 1146 987 1167; x_wconf 90' lang='lat' dir='ltr'>non</span> 
     </span>
     <span class='ocr_line' id='line_1_19' title="bbox 143 1188 988 1230; baseline -0.002 -9"><span class='ocrx_word' id='word_1_96' title='bbox 143 1190 267 1222; x_wconf 79' lang='lat' dir='ltr'>fecisse</span> <span class='ocrx_word' id='word_1_97' title='bbox 290 1190 409 1221; x_wconf 88' lang='lat' dir='ltr'>videri.</span> <span class='ocrx_word' id='word_1_98' title='bbox 456 1189 539 1220; x_wconf 86' lang='lat' dir='ltr'>Post</span> <span class='ocrx_word' id='word_1_99' title='bbox 562 1199 644 1220; x_wconf 89' lang='lat' dir='ltr'>vero</span> <span class='ocrx_word' id='word_1_100' title='bbox 670 1188 896 1230; x_wconf 84' lang='lat' dir='ltr'>capitulorum</span> <span class='ocrx_word' id='word_1_101' title='bbox 927 1189 988 1220; x_wconf 88' lang='lat' dir='ltr'>de-</span> 
     </span>
     <span class='ocr_line' id='line_1_20' title="bbox 143 1241 987 1285; baseline -0.004 -10"><span class='ocrx_word' id='word_1_102' title='bbox 143 1243 383 1279; x_wconf 83' lang='lat' dir='ltr'>claracionem,</span> <span class='ocrx_word' id='word_1_103' title='bbox 400 1243 496 1274; x_wconf 80' lang='lat' dir='ltr'>iuxta</span> <span class='ocrx_word' id='word_1_104' title='bbox 520 1253 585 1285; x_wconf 88' lang='lat' dir='ltr'>que</span> <span class='ocrx_word' id='word_1_105' title='bbox 610 1242 743 1283; x_wconf 82' lang='lat' dir='ltr'>legatus</span> <span class='ocrx_word' id='word_1_106' title='bbox 767 1241 840 1282; x_wconf 89' lang='lat' dir='ltr'>ipse</span> <span class='ocrx_word' id='word_1_107' title='bbox 865 1241 901 1273; x_wconf 88' lang='lat' dir='ltr'>in</span> <span class='ocrx_word' id='word_1_108' title='bbox 918 1253 987 1272; x_wconf 89' lang='lat' dir='ltr'>ma-</span> 
     </span>
     <span class='ocr_line' id='line_1_21' title="bbox 144 1295 986 1337; baseline -0.001 -10"><span class='ocrx_word' id='word_1_109' title='bbox 144 1296 244 1328; x_wconf 85' lang='lat' dir='ltr'>nibus</span> <span class='ocrx_word' id='word_1_110' title='bbox 274 1302 394 1327; x_wconf 87' lang='lat' dir='ltr'>tenens</span> <span class='ocrx_word' id='word_1_111' title='bbox 421 1305 545 1337; x_wconf 81' lang='lat' dir='ltr'>pacem</span> <span class='ocrx_word' id='word_1_112' title='bbox 577 1295 820 1336; x_wconf 83' lang='lat' dir='ltr'>promulgavit,</span> <span class='ocrx_word' id='word_1_113' title='bbox 844 1301 986 1336; x_wconf 86' lang='lat' dir='ltr'>propter</span> 
     </span>
     <span class='ocr_line' id='line_1_22' title="bbox 141 1348 987 1392; baseline -0.002 -10"><span class='ocrx_word' id='word_1_114' title='bbox 141 1350 248 1392; x_wconf 87' lang='lat' dir='ltr'>ipsius</span> <span class='ocrx_word' id='word_1_115' title='bbox 272 1349 487 1382; x_wconf 84' lang='lat' dir='ltr'>adversantis</span> <span class='ocrx_word' id='word_1_116' title='bbox 511 1348 676 1381; x_wconf 81' lang='lat' dir='ltr'>astuciam</span> <span class='ocrx_word' id='word_1_117' title='bbox 694 1349 821 1380; x_wconf 84' lang='lat' dir='ltr'>diversi</span> <span class='ocrx_word' id='word_1_118' title='bbox 839 1349 987 1380; x_wconf 88' lang='lat' dir='ltr'>interve-</span> 
     </span>
     <span class='ocr_line' id='line_1_23' title="bbox 142 1402 986 1444; baseline -0.004 -8"><span class='ocrx_word' id='word_1_119' title='bbox 142 1411 267 1436; x_wconf 89' lang='lat' dir='ltr'>nerunt</span> <span class='ocrx_word' id='word_1_120' title='bbox 283 1405 419 1436; x_wconf 75' lang='lat' dir='ltr'>aflatus.</span> <span class='ocrx_word' id='word_1_121' title='bbox 457 1404 516 1436; x_wconf 88' lang='lat' dir='ltr'>Set</span> <span class='ocrx_word' id='word_1_122' title='bbox 533 1405 669 1436; x_wconf 90' lang='lat' dir='ltr'>demum</span> <span class='ocrx_word' id='word_1_123' title='bbox 686 1414 753 1444; x_wconf 81' lang='lat' dir='ltr'>pax</span> <span class='ocrx_word' id='word_1_124' title='bbox 768 1403 842 1444; x_wconf 86' lang='lat' dir='ltr'>ipsa</span> <span class='ocrx_word' id='word_1_125' title='bbox 859 1402 986 1444; x_wconf 90' lang='lat' dir='ltr'>obpro-</span> 
     </span>
     <span class='ocr_line' id='line_1_24' title="bbox 141 1456 985 1490; baseline -0.001 -1"><span class='ocrx_word' id='word_1_126' title='bbox 141 1459 250 1490; x_wconf 86' lang='lat' dir='ltr'>brium</span> <span class='ocrx_word' id='word_1_127' title='bbox 277 1464 310 1489; x_wconf 87' lang='lat' dir='ltr'>et</span> <span class='ocrx_word' id='word_1_128' title='bbox 326 1458 510 1489; x_wconf 86' lang='lat' dir='ltr'>discrimen</span> <span class='ocrx_word' id='word_1_129' title='bbox 529 1467 744 1489; x_wconf 86' lang='lat' dir='ltr'>concernens</span> <span class='ocrx_word' id='word_1_130' title='bbox 758 1457 887 1488; x_wconf 88' lang='lat' dir='ltr'>domini</span> <span class='ocrx_word' id='word_1_131' title='bbox 902 1456 985 1488; x_wconf 89' lang='lat' dir='ltr'>Ber-</span> 
     </span>
     <span class='ocr_line' id='line_1_25' title="bbox 141 1512 985 1553; baseline -0.002 -10"><span class='ocrx_word' id='word_1_132' title='bbox 141 1513 298 1549; x_wconf 87' lang='lat' dir='ltr'>nabonis,</span> <span class='ocrx_word' id='word_1_133' title='bbox 312 1513 458 1544; x_wconf 86' lang='lat' dir='ltr'>ecclesie</span> <span class='ocrx_word' id='word_1_134' title='bbox 483 1522 564 1543; x_wconf 85' lang='lat' dir='ltr'>vero</span> <span class='ocrx_word' id='word_1_135' title='bbox 587 1518 622 1542; x_wconf 91' lang='lat' dir='ltr'>et</span> <span class='ocrx_word' id='word_1_136' title='bbox 637 1512 875 1553; x_wconf 80' lang='lat' dir='ltr'>colligatorum</span> <span class='ocrx_word' id='word_1_137' title='bbox 891 1521 985 1542; x_wconf 85' lang='lat' dir='ltr'>com—</span> 
     </span>
     <span class='ocr_line' id='line_1_26' title="bbox 141 1564 986 1606; baseline -0.004 -8"><span class='ocrx_word' id='word_1_138' title='bbox 141 1567 353 1603; x_wconf 86' lang='lat' dir='ltr'>moditatem,</span> <span class='ocrx_word' id='word_1_139' title='bbox 366 1575 456 1606; x_wconf 79' lang='lat' dir='ltr'>pena</span> <span class='ocrx_word' id='word_1_140' title='bbox 480 1566 707 1596; x_wconf 87' lang='lat' dir='ltr'>ducentorum</span> <span class='ocrx_word' id='word_1_141' title='bbox 732 1565 860 1595; x_wconf 88' lang='lat' dir='ltr'>milium</span> <span class='ocrx_word' id='word_1_142' title='bbox 886 1564 986 1596; x_wconf 90' lang='lat' dir='ltr'>flore-</span> 
     </span>
     <span class='ocr_line' id='line_1_27' title="bbox 140 1618 984 1657; baseline -0.005 -5"><span class='ocrx_word' id='word_1_143' title='bbox 140 1632 259 1652; x_wconf 86' lang='lat' dir='ltr'>norum</span> <span class='ocrx_word' id='word_1_144' title='bbox 291 1621 420 1652; x_wconf 79' lang='lat' dir='ltr'>iniecta</span> <span class='ocrx_word' id='word_1_145' title='bbox 450 1619 726 1657; x_wconf 74' lang='lat' dir='ltr'>contrafacienti‚</span> <span class='ocrx_word' id='word_1_146' title='bbox 750 1618 854 1650; x_wconf 78' lang='lat' dir='ltr'>scribi</span> <span class='ocrx_word' id='word_1_147' title='bbox 890 1628 984 1649; x_wconf 88' lang='lat' dir='ltr'>man-</span> 
     </span>
     <span class='ocr_line' id='line_1_28' title="bbox 140 1673 982 1714; baseline -0.005 -8"><span class='ocrx_word' id='word_1_148' title='bbox 140 1674 222 1706; x_wconf 85' lang='lat' dir='ltr'>data</span> <span class='ocrx_word' id='word_1_149' title='bbox 247 1680 308 1706; x_wconf 83' lang='lat' dir='ltr'>est.</span> <span class='ocrx_word' id='word_1_150' title='bbox 340 1674 427 1705; x_wconf 90' lang='lat' dir='ltr'>Nam</span> <span class='ocrx_word' id='word_1_151' title='bbox 444 1675 517 1714; x_wconf 87' lang='lat' dir='ltr'>ipse</span> <span class='ocrx_word' id='word_1_152' title='bbox 534 1673 695 1705; x_wconf 86' lang='lat' dir='ltr'>dominus</span> <span class='ocrx_word' id='word_1_153' title='bbox 712 1673 887 1704; x_wconf 87' lang='lat' dir='ltr'>Bernabos</span> <span class='ocrx_word' id='word_1_154' title='bbox 905 1678 982 1703; x_wconf 84' lang='lat' dir='ltr'>ante</span> 
     </span>
     <span class='ocr_line' id='line_1_29' title="bbox 139 1725 985 1760; baseline -0.005 -1"><span class='ocrx_word' id='word_1_155' title='bbox 139 1728 190 1760; x_wconf 87' lang='lat' dir='ltr'>sui</span> <span class='ocrx_word' id='word_1_156' title='bbox 206 1728 418 1759; x_wconf 86' lang='lat' dir='ltr'>solucionem</span> <span class='ocrx_word' id='word_1_157' title='bbox 436 1727 709 1758; x_wconf 86' lang='lat' dir='ltr'>ecclesiasticam</span> <span class='ocrx_word' id='word_1_158' title='bbox 735 1726 859 1757; x_wconf 86' lang='lat' dir='ltr'>iuravit</span> <span class='ocrx_word' id='word_1_159' title='bbox 883 1725 985 1756; x_wconf 85' lang='lat' dir='ltr'>liber-</span> 
     </span>
     <span class='ocr_line' id='line_1_30' title="bbox 137 1779 983 1820; baseline -0.004 -8"><span class='ocrx_word' id='word_1_160' title='bbox 137 1787 243 1812; x_wconf 85' lang='lat' dir='ltr'>tatem</span> <span class='ocrx_word' id='word_1_161' title='bbox 267 1786 302 1812; x_wconf 85' lang='lat' dir='ltr'>et</span> <span class='ocrx_word' id='word_1_162' title='bbox 323 1780 540 1812; x_wconf 84' lang='lat' dir='ltr'>renunciavit</span> <span class='ocrx_word' id='word_1_163' title='bbox 554 1781 617 1811; x_wconf 88' lang='lat' dir='ltr'>iuri</span> <span class='ocrx_word' id='word_1_164' title='bbox 635 1780 830 1816; x_wconf 86' lang='lat' dir='ltr'>vicariatus,</span> <span class='ocrx_word' id='word_1_165' title='bbox 846 1779 872 1810; x_wconf 87' lang='lat' dir='ltr'>si</span> <span class='ocrx_word' id='word_1_166' title='bbox 891 1780 983 1820; x_wconf 86' lang='lat' dir='ltr'>quod</span> 
     </span>
     <span class='ocr_line' id='line_1_31' title="bbox 139 1833 786 1875; baseline -0.002 -10"><span class='ocrx_word' id='word_1_167' title='bbox 139 1835 174 1865; x_wconf 89' lang='lat' dir='ltr'>in</span> <span class='ocrx_word' id='word_1_168' title='bbox 198 1834 337 1866; x_wconf 85' lang='lat' dir='ltr'>civitate</span> <span class='ocrx_word' id='word_1_169' title='bbox 362 1833 518 1865; x_wconf 86' lang='lat' dir='ltr'>Bononie</span> <span class='ocrx_word' id='word_1_170' title='bbox 544 1833 786 1875; x_wconf 84' lang='lat' dir='ltr'>pretendebat.</span> 
     </span>
    </p>
   </div>
   <div class='ocr_carea' id='block_1_6' title="bbox 131 1940 985 2885">
    <p class='ocr_par' dir='ltr' id='par_1_6' title="bbox 131 1940 985 2885">
     <span class='ocr_line' id='line_1_32' title="bbox 225 1940 985 1981; baseline -0.001 -10"><span class='ocrx_word' id='word_1_171' title='bbox 225 1941 300 1972; x_wconf 79' lang='lat'>246.</span> <span class='ocrx_word' id='word_1_172' title='bbox 327 1958 365 1963; x_wconf 88' lang='lat'>--</span> <span class='ocrx_word' id='word_1_173' title='bbox 390 1941 544 1972; x_wconf 86' lang='lat' dir='ltr'>Durante</span> <span class='ocrx_word' id='word_1_174' title='bbox 568 1940 690 1971; x_wconf 80' lang='lat' dir='ltr'>iterum</span> <span class='ocrx_word' id='word_1_175' title='bbox 716 1949 850 1981; x_wconf 83' lang='lat' dir='ltr'>guerra,</span> <span class='ocrx_word' id='word_1_176' title='bbox 874 1946 911 1970; x_wconf 87' lang='lat' dir='ltr'>ut</span> <span class='ocrx_word' id='word_1_177' title='bbox 931 1950 985 1970; x_wconf 89' lang='lat' dir='ltr'>su-</span> 
     </span>
     <span class='ocr_line' id='line_1_33' title="bbox 137 1992 984 2036; baseline -0.004 -11"><span class='ocrx_word' id='word_1_178' title='bbox 137 1994 251 2036; x_wconf 88' lang='lat' dir='ltr'>perius</span> <span class='ocrx_word' id='word_1_179' title='bbox 274 2000 403 2026; x_wconf 85' lang='lat' dir='ltr'>tactum</span> <span class='ocrx_word' id='word_1_180' title='bbox 428 2000 490 2033; x_wconf 88' lang='lat' dir='ltr'>est,</span> <span class='ocrx_word' id='word_1_181' title='bbox 514 1994 602 2024; x_wconf 88' lang='lat' dir='ltr'>inter</span> <span class='ocrx_word' id='word_1_182' title='bbox 626 1993 845 2024; x_wconf 79' lang='lat' dir='ltr'>Florentinos</span> <span class='ocrx_word' id='word_1_183' title='bbox 869 1999 901 2023; x_wconf 88' lang='lat' dir='ltr'>et</span> <span class='ocrx_word' id='word_1_184' title='bbox 926 1992 984 2023; x_wconf 84' lang='lat' dir='ltr'>Pi-</span> 
     </span>
     <span class='ocr_line' id='line_1_34' title="bbox 136 2044 982 2089; baseline -0.002 -11"><span class='ocrx_word' id='word_1_185' title='bbox 136 2057 236 2079; x_wconf 87' lang='lat' dir='ltr'>sanos</span> <span class='ocrx_word' id='word_1_186' title='bbox 268 2047 520 2088; x_wconf 85' lang='lat' dir='ltr'>conductisque</span> <span class='ocrx_word' id='word_1_187' title='bbox 550 2047 728 2089; x_wconf 79' lang='lat' dir='ltr'>armigeris</span> <span class='ocrx_word' id='word_1_188' title='bbox 756 2047 799 2076; x_wconf 85' lang='lat' dir='ltr'>cle</span> <span class='ocrx_word' id='word_1_189' title='bbox 830 2044 982 2086; x_wconf 88' lang='lat' dir='ltr'>partibus</span> 
     </span>
     <span class='ocr_line' id='line_1_35' title="bbox 135 2098 982 2141; baseline -0.004 -10"><span class='ocrx_word' id='word_1_190' title='bbox 135 2099 314 2131; x_wconf 86' lang='lat' dir='ltr'>Alemanie</span> <span class='ocrx_word' id='word_1_191' title='bbox 328 2110 390 2140; x_wconf 89' lang='lat' dir='ltr'>per</span> <span class='ocrx_word' id='word_1_192' title='bbox 405 2099 633 2140; x_wconf 72' lang='lat' dir='ltr'>Florenfflnos,</span> <span class='ocrx_word' id='word_1_193' title='bbox 651 2109 734 2141; x_wconf 82' lang='lat' dir='ltr'>gens</span> <span class='ocrx_word' id='word_1_194' title='bbox 750 2099 823 2140; x_wconf 85' lang='lat' dir='ltr'>ipsa</span> <span class='ocrx_word' id='word_1_195' title='bbox 840 2098 982 2129; x_wconf 87' lang='lat' dir='ltr'>Floren-</span> 
     </span>
     <span class='ocr_line' id='line_1_36' title="bbox 134 2151 981 2196; baseline -0.001 -12"><span class='ocrx_word' id='word_1_196' title='bbox 134 2154 293 2191; x_wconf 88' lang='lat' dir='ltr'>tinorum‚</span> <span class='ocrx_word' id='word_1_197' title='bbox 317 2153 374 2196; x_wconf 88' lang='lat' dir='ltr'>qui</span> <span class='ocrx_word' id='word_1_198' title='bbox 399 2153 443 2184; x_wconf 78' lang='lat' dir='ltr'>ad</span> <span class='ocrx_word' id='word_1_199' title='bbox 474 2153 639 2184; x_wconf 87' lang='lat' dir='ltr'>vinditam</span> <span class='ocrx_word' id='word_1_200' title='bbox 670 2153 776 2184; x_wconf 85' lang='lat' dir='ltr'>habiti</span> <span class='ocrx_word' id='word_1_201' title='bbox 802 2151 981 2184; x_wconf 83' lang='lat' dir='ltr'>conflictus</span> 
     </span>
     <span class='ocr_line' id='line_1_37' title="bbox 134 2204 979 2246; baseline -0.002 -9"><span class='ocrx_word' id='word_1_202' title='bbox 134 2206 276 2237; x_wconf 85' lang='lat' dir='ltr'>multum</span> <span class='ocrx_word' id='word_1_203' title='bbox 301 2206 522 2244; x_wconf 87' lang='lat' dir='ltr'>anhelabant,</span> <span class='ocrx_word' id='word_1_204' title='bbox 544 2207 579 2237; x_wconf 91' lang='lat' dir='ltr'>in</span> <span class='ocrx_word' id='word_1_205' title='bbox 608 2215 750 2237; x_wconf 90' lang='lat' dir='ltr'>numero</span> <span class='ocrx_word' id='word_1_206' title='bbox 774 2204 897 2246; x_wconf 76' lang='lat' dir='ltr'>grandi</span> <span class='ocrx_word' id='word_1_207' title='bbox 930 2205 979 2245; x_wconf 80' lang='lat' dir='ltr'>pi-</span> 
     </span>
     <span class='ocr_line' id='line_1_38' title="bbox 134 2257 980 2298; baseline -0.002 -8"><span class='ocrx_word' id='word_1_208' title='bbox 134 2270 252 2290; x_wconf 89' lang='lat' dir='ltr'>sanum</span> <span class='ocrx_word' id='word_1_209' title='bbox 269 2259 477 2290; x_wconf 88' lang='lat' dir='ltr'>territorium</span> <span class='ocrx_word' id='word_1_210' title='bbox 501 2259 635 2295; x_wconf 88' lang='lat' dir='ltr'>invasit,</span> <span class='ocrx_word' id='word_1_211' title='bbox 651 2265 766 2290; x_wconf 86' lang='lat' dir='ltr'>castra</span> <span class='ocrx_word' id='word_1_212' title='bbox 782 2269 801 2288; x_wconf 90' lang='lat' dir='ltr'>a</span> <span class='ocrx_word' id='word_1_213' title='bbox 817 2257 903 2288; x_wconf 88' lang='lat' dir='ltr'>Pisis</span> <span class='ocrx_word' id='word_1_214' title='bbox 919 2268 980 2298; x_wconf 87' lang='lat' dir='ltr'>per</span> 
     </span>
     <span class='ocr_line' id='line_1_39' title="bbox 133 2310 981 2354; baseline -0.004 -11"><span class='ocrx_word' id='word_1_215' title='bbox 133 2323 193 2344; x_wconf 82' lang='lat' dir='ltr'>sex</span> <span class='ocrx_word' id='word_1_216' title='bbox 216 2312 360 2343; x_wconf 88' lang='lat' dir='ltr'>miliaria</span> <span class='ocrx_word' id='word_1_217' title='bbox 384 2313 417 2342; x_wconf 89' lang='lat' dir='ltr'>in</span> <span class='ocrx_word' id='word_1_218' title='bbox 439 2312 548 2354; x_wconf 66' lang='lat' dir='ltr'>burgo</span> <span class='ocrx_word' id='word_1_219' title='bbox 573 2311 712 2344; x_wconf 79' lang='lat' dir='ltr'>Castine</span> <span class='ocrx_word' id='word_1_220' title='bbox 736 2312 866 2347; x_wconf 86' lang='lat' dir='ltr'>locans,</span> <span class='ocrx_word' id='word_1_221' title='bbox 884 2310 981 2341; x_wconf 83' lang='lat' dir='ltr'>terri-</span> 
     </span>
     <span class='ocr_line' id='line_1_40' title="bbox 134 2364 980 2406; baseline -0.002 -10"><span class='ocrx_word' id='word_1_222' title='bbox 134 2366 221 2397; x_wconf 84' lang='lat' dir='ltr'>torio</span> <span class='ocrx_word' id='word_1_223' title='bbox 245 2365 365 2406; x_wconf 84' lang='lat' dir='ltr'>pisano</span> <span class='ocrx_word' id='word_1_224' title='bbox 390 2365 484 2406; x_wconf 87' lang='lat' dir='ltr'>prius</span> <span class='ocrx_word' id='word_1_225' title='bbox 499 2371 612 2396; x_wconf 83' lang='lat' dir='ltr'>tamen</span> <span class='ocrx_word' id='word_1_226' title='bbox 631 2365 783 2406; x_wconf 86' lang='lat' dir='ltr'>undique</span> <span class='ocrx_word' id='word_1_227' title='bbox 800 2364 980 2395; x_wconf 73' lang='lat' dir='ltr'>derobato.</span> 
     </span>
     <span class='ocr_line' id='line_1_41' title="bbox 133 2418 980 2454; baseline -0.002 -4"><span class='ocrx_word' id='word_1_228' title='bbox 133 2418 196 2450; x_wconf 86' lang='lat' dir='ltr'>Cui</span> <span class='ocrx_word' id='word_1_229' title='bbox 211 2419 331 2450; x_wconf 86' lang='lat' dir='ltr'>volens</span> <span class='ocrx_word' id='word_1_230' title='bbox 344 2418 486 2449; x_wconf 89' lang='lat' dir='ltr'>Pisanus</span> <span class='ocrx_word' id='word_1_231' title='bbox 504 2419 681 2454; x_wconf 85' lang='lat' dir='ltr'>obsistere,</span> <span class='ocrx_word' id='word_1_232' title='bbox 696 2429 771 2449; x_wconf 86' lang='lat' dir='ltr'>cum</span> <span class='ocrx_word' id='word_1_233' title='bbox 786 2418 892 2449; x_wconf 84' lang='lat' dir='ltr'>multa</span> <span class='ocrx_word' id='word_1_234' title='bbox 905 2427 980 2449; x_wconf 86' lang='lat' dir='ltr'>suo-</span> 
     </span>
     <span class='ocr_line' id='line_1_42' title="bbox 132 2471 978 2513; baseline -0.001 -11"><span class='ocrx_word' id='word_1_235' title='bbox 132 2483 206 2503; x_wconf 89' lang='lat' dir='ltr'>rum</span> <span class='ocrx_word' id='word_1_236' title='bbox 231 2479 345 2513; x_wconf 81' lang='lat' dir='ltr'>strage</span> <span class='ocrx_word' id='word_1_237' title='bbox 381 2473 580 2503; x_wconf 88' lang='lat' dir='ltr'>conflictum</span> <span class='ocrx_word' id='word_1_238' title='bbox 610 2482 728 2513; x_wconf 81' lang='lat' dir='ltr'>passus</span> <span class='ocrx_word' id='word_1_239' title='bbox 759 2478 822 2508; x_wconf 88' lang='lat' dir='ltr'>est,</span> <span class='ocrx_word' id='word_1_240' title='bbox 855 2471 978 2511; x_wconf 81' lang='lat' dir='ltr'>cuique</span> 
     </span>
     <span class='ocr_line' id='line_1_43' title="bbox 133 2524 980 2566; baseline -0.002 -10"><span class='ocrx_word' id='word_1_241' title='bbox 133 2535 253 2566; x_wconf 89' lang='lat' dir='ltr'>pacem</span> <span class='ocrx_word' id='word_1_242' title='bbox 272 2525 401 2566; x_wconf 87' lang='lat' dir='ltr'>petenti</span> <span class='ocrx_word' id='word_1_243' title='bbox 425 2525 644 2557; x_wconf 85' lang='lat' dir='ltr'>Florentiuus</span> <span class='ocrx_word' id='word_1_244' title='bbox 661 2524 821 2565; x_wconf 69' lang='lat' dir='ltr'>negabat.</span> <span class='ocrx_word' id='word_1_245' title='bbox 853 2524 905 2555; x_wconf 76' lang='lat' dir='ltr'>Ex</span> <span class='ocrx_word' id='word_1_246' title='bbox 920 2525 980 2555; x_wconf 86' lang='lat' dir='ltr'>de-</span> 
     </span>
     <span class='ocr_line' id='line_1_44' title="bbox 132 2577 979 2619; baseline -0.002 -10"><span class='ocrx_word' id='word_1_247' title='bbox 132 2579 338 2619; x_wconf 86' lang='lat' dir='ltr'>speracione</span> <span class='ocrx_word' id='word_1_248' title='bbox 354 2588 434 2609; x_wconf 86' lang='lat' dir='ltr'>mox</span> <span class='ocrx_word' id='word_1_249' title='bbox 450 2578 494 2609; x_wconf 84' lang='lat' dir='ltr'>ad</span> <span class='ocrx_word' id='word_1_250' title='bbox 511 2577 765 2610; x_wconf 89' lang='lat' dir='ltr'>Vicecomitum</span> <span class='ocrx_word' id='word_1_251' title='bbox 783 2577 907 2608; x_wconf 80' lang='lat' dir='ltr'>auxilia</span> <span class='ocrx_word' id='word_1_252' title='bbox 921 2588 979 2608; x_wconf 91' lang='lat' dir='ltr'>cu-</span> 
     </span>
     <span class='ocr_line' id='line_1_45' title="bbox 132 2631 978 2672; baseline -0.002 -10"><span class='ocrx_word' id='word_1_253' title='bbox 132 2631 249 2667; x_wconf 85' lang='lat' dir='ltr'>currit,</span> <span class='ocrx_word' id='word_1_254' title='bbox 273 2631 343 2672; x_wconf 83' lang='lat' dir='ltr'>qui,</span> <span class='ocrx_word' id='word_1_255' title='bbox 368 2631 430 2662; x_wconf 88' lang='lat' dir='ltr'>nisi</span> <span class='ocrx_word' id='word_1_256' title='bbox 455 2631 656 2672; x_wconf 85' lang='lat' dir='ltr'>magnificus</span> <span class='ocrx_word' id='word_1_257' title='bbox 687 2631 846 2662; x_wconf 89' lang='lat' dir='ltr'>dominus</span> <span class='ocrx_word' id='word_1_258' title='bbox 873 2631 978 2662; x_wconf 80' lang='lat' dir='ltr'>Fran-</span> 
     </span>
     <span class='ocr_line' id='line_1_46' title="bbox 133 2683 978 2725; baseline 0 -11"><span class='ocrx_word' id='word_1_259' title='bbox 133 2684 245 2715; x_wconf 85' lang='lat' dir='ltr'>ciscus</span> <span class='ocrx_word' id='word_1_260' title='bbox 275 2685 317 2715; x_wconf 90' lang='lat' dir='ltr'>de</span> <span class='ocrx_word' id='word_1_261' title='bbox 348 2684 508 2716; x_wconf 86' lang='lat' dir='ltr'>Carraria</span> <span class='ocrx_word' id='word_1_262' title='bbox 533 2684 585 2714; x_wconf 86' lang='lat' dir='ltr'>his</span> <span class='ocrx_word' id='word_1_263' title='bbox 608 2683 827 2725; x_wconf 86' lang='lat' dir='ltr'>providisset,</span> <span class='ocrx_word' id='word_1_264' title='bbox 851 2683 978 2714; x_wconf 84' lang='lat' dir='ltr'>Tuscie</span> 
     </span>
     <span class='ocr_line' id='line_1_47' title="bbox 131 2736 978 2779; baseline 0 -11"><span class='ocrx_word' id='word_1_265' title='bbox 131 2747 195 2778; x_wconf 92' lang='lat' dir='ltr'>pro</span> <span class='ocrx_word' id='word_1_266' title='bbox 230 2737 411 2779; x_wconf 86' lang='lat' dir='ltr'>purgativo</span> <span class='ocrx_word' id='word_1_267' title='bbox 446 2738 575 2769; x_wconf 82' lang='lat' dir='ltr'>semine</span> <span class='ocrx_word' id='word_1_268' title='bbox 613 2747 733 2768; x_wconf 85' lang='lat' dir='ltr'>manus</span> <span class='ocrx_word' id='word_1_269' title='bbox 771 2736 978 2768; x_wconf 84' lang='lat' dir='ltr'>inseruisset.</span> 
     </span>
     <span class='ocr_line' id='line_1_48' title="bbox 134 2789 976 2833; baseline -0.001 -12"><span class='ocrx_word' id='word_1_270' title='bbox 134 2789 213 2827; x_wconf 89' lang='lat' dir='ltr'>Quo</span> <span class='ocrx_word' id='word_1_271' title='bbox 244 2802 264 2821; x_wconf 86' lang='lat' dir='ltr'>a</span> <span class='ocrx_word' id='word_1_272' title='bbox 294 2790 481 2833; x_wconf 79' lang='lat' dir='ltr'>magnifico</span> <span class='ocrx_word' id='word_1_273' title='bbox 510 2790 586 2830; x_wconf 87' lang='lat' dir='ltr'>ipso</span> <span class='ocrx_word' id='word_1_274' title='bbox 621 2790 760 2821; x_wconf 90' lang='lat' dir='ltr'>domino</span> <span class='ocrx_word' id='word_1_275' title='bbox 789 2789 976 2821; x_wconf 85' lang='lat' dir='ltr'>Francisco</span> 
     </span>
     <span class='ocr_line' id='line_1_49' title="bbox 131 2842 977 2885; baseline -0.001 -12"><span class='ocrx_word' id='word_1_276' title='bbox 131 2849 311 2884; x_wconf 89' lang='lat' dir='ltr'>percepto,</span> <span class='ocrx_word' id='word_1_277' title='bbox 341 2843 399 2884; x_wconf 90' lang='lat' dir='ltr'>qui</span> <span class='ocrx_word' id='word_1_278' title='bbox 428 2843 706 2874; x_wconf 83' lang='lat' dir='ltr'>Florentinorum</span> <span class='ocrx_word' id='word_1_279' title='bbox 738 2843 897 2885; x_wconf 86' lang='lat' dir='ltr'>negocia,</span> <span class='ocrx_word' id='word_1_280' title='bbox 931 2842 977 2873; x_wconf 89' lang='lat' dir='ltr'>uti</span> 
     </span>
    </p>
   </div>
   <div class='ocr_carea' id='block_1_7' title="bbox 225 3002 702 3034">
    <p class='ocr_par' dir='ltr' id='par_1_7' title="bbox 225 3002 702 3034">
     <span class='ocr_line' id='line_1_50' title="bbox 225 3002 702 3034; baseline 0.002 -9"><span class='ocrx_word' id='word_1_281' title='bbox 225 3008 263 3025; x_wconf 88' lang='lat'>12.</span> <span class='ocrx_word' id='word_1_282' title='bbox 284 3002 423 3034; x_wconf 72' lang='lat' dir='ltr'>propendi</span> <span class='ocrx_word' id='word_1_283' title='bbox 446 3003 481 3025; x_wconf 78' lang='lat' dir='ltr'><em>M</em></span> <span class='ocrx_word' id='word_1_284' title='bbox 498 3015 506 3019; x_wconf 96' lang='lat'>-</span> <span class='ocrx_word' id='word_1_285' title='bbox 526 3002 645 3026; x_wconf 74' lang='lat' dir='ltr'>ecclesia</span> <span class='ocrx_word' id='word_1_286' title='bbox 665 3003 702 3026; x_wconf 85' lang='lat' dir='ltr'><em>M</em></span> 
     </span>
    </p>
   </div>
   <div class='ocr_carea' id='block_1_8' title="bbox 1007 501 1029 2910">
    <p class='ocr_par' dir='ltr' id='par_1_8' title="bbox 1007 501 1029 2910">
     <span class='ocr_line' id='line_1_51' title="bbox 1007 501 1029 2910; baseline 0 0"><span class='ocrx_word' id='word_1_287' title='bbox 1007 501 1029 2910; x_wconf 95' lang='lat' dir='ltr'> </span> 
     </span>
    </p>
   </div>
   <div class='ocr_carea' id='block_1_9' title="bbox 1057 872 1092 902">
    <p class='ocr_par' dir='ltr' id='par_1_9' title="bbox 1057 872 1092 902">
     <span class='ocr_line' id='line_1_52' title="bbox 1057 872 1092 902; baseline -0.086 0"><span class='ocrx_word' id='word_1_288' title='bbox 1057 872 1092 902; x_wconf 86' lang='lat'>10</span> 
     </span>
    </p>
   </div>
   <div class='ocr_carea' id='block_1_10' title="bbox 1055 1138 1089 1168">
    <p class='ocr_par' dir='ltr' id='par_1_10' title="bbox 1055 1138 1089 1168">
     <span class='ocr_line' id='line_1_53' title="bbox 1055 1138 1089 1168; baseline 0 0"><span class='ocrx_word' id='word_1_289' title='bbox 1055 1138 1089 1168; x_wconf 84' lang='lat'>15</span> 
     </span>
    </p>
   </div>
   <div class='ocr_carea' id='block_1_11' title="bbox 1048 1403 1087 1432">
    <p class='ocr_par' dir='ltr' id='par_1_11' title="bbox 1048 1403 1087 1432">
     <span class='ocr_line' id='line_1_54' title="bbox 1048 1403 1087 1432; baseline 0 0"><span class='ocrx_word' id='word_1_290' title='bbox 1048 1403 1087 1432; x_wconf 88' lang='lat'>20</span> 
     </span>
    </p>
   </div>
   <div class='ocr_carea' id='block_1_12' title="bbox 1046 1667 1086 1698">
    <p class='ocr_par' dir='ltr' id='par_1_12' title="bbox 1046 1667 1086 1698">
     <span class='ocr_line' id='line_1_55' title="bbox 1046 1667 1086 1698; baseline 0 0"><span class='ocrx_word' id='word_1_291' title='bbox 1046 1667 1086 1698; x_wconf 88' lang='lat'>25</span> 
     </span>
    </p>
   </div>
   <div class='ocr_carea' id='block_1_13' title="bbox 1043 1987 1085 2017">
    <p class='ocr_par' dir='ltr' id='par_1_13' title="bbox 1043 1987 1085 2017">
     <span class='ocr_line' id='line_1_56' title="bbox 1043 1987 1085 2017; baseline -0.024 0"><span class='ocrx_word' id='word_1_292' title='bbox 1043 1987 1085 2017; x_wconf 88' lang='grc'>30</span> 
     </span>
    </p>
   </div>
   <div class='ocr_carea' id='block_1_14' title="bbox 1044 2250 1084 2282">
    <p class='ocr_par' dir='ltr' id='par_1_14' title="bbox 1044 2250 1084 2282">
     <span class='ocr_line' id='line_1_57' title="bbox 1044 2250 1084 2282; baseline -0.025 0"><span class='ocrx_word' id='word_1_293' title='bbox 1044 2250 1084 2282; x_wconf 83' lang='grc'>35</span> 
     </span>
    </p>
   </div>
   <div class='ocr_carea' id='block_1_15' title="bbox 1042 2526 1082 2556">
    <p class='ocr_par' dir='ltr' id='par_1_15' title="bbox 1042 2526 1082 2556">
     <span class='ocr_line' id='line_1_58' title="bbox 1042 2526 1082 2556; baseline -0.025 0"><span class='ocrx_word' id='word_1_294' title='bbox 1042 2526 1082 2556; x_wconf 88' lang='grc'>40</span> 
     </span>
    </p>
   </div>
   <div class='ocr_carea' id='block_1_16' title="bbox 1042 2789 1080 2820">
    <p class='ocr_par' dir='ltr' id='par_1_16' title="bbox 1042 2789 1080 2820">
     <span class='ocr_line' id='line_1_59' title="bbox 1042 2789 1080 2820; baseline 0 0"><span class='ocrx_word' id='word_1_295' title='bbox 1042 2789 1080 2820; x_wconf 71' lang='grc'>45</span> 
     </span>
    </p>
   </div>
   <div class='ocr_carea' id='block_1_17' title="bbox 1100 744 1119 3034">
    <p class='ocr_par' dir='ltr' id='par_1_17' title="bbox 1100 744 1119 3034">
     <span class='ocr_line' id='line_1_60' title="bbox 1100 744 1119 3034; baseline 0 0"><span class='ocrx_word' id='word_1_296' title='bbox 1100 744 1119 3034; x_wconf 95' lang='lat' dir='ltr'> </span> 
     </span>
    </p>
   </div>
   <div class='ocr_carea' id='block_1_18' title="bbox 1471 374 1667 406">
    <p class='ocr_par' dir='ltr' id='par_1_18' title="bbox 1471 374 1667 406">
     <span class='ocr_line' id='line_1_61' title="bbox 1471 374 1667 406; baseline -0.005 0"><span class='ocrx_word' id='word_1_297' title='bbox 1471 374 1609 406; x_wconf 71' lang='grc' dir='ltr'><strong>ΚΕΒΑΖ.</strong></span> <span class='ocrx_word' id='word_1_298' title='bbox 1631 375 1667 405; x_wconf 87' lang='lat' dir='ltr'><em>D</em></span> 
     </span>
    </p>
   </div>
   <div class='ocr_carea' id='block_1_19' title="bbox 1142 445 1990 1864">
    <p class='ocr_par' dir='ltr' id='par_1_19' title="bbox 1142 445 1990 1864">
     <span class='ocr_line' id='line_1_62' title="bbox 1151 445 1988 487; baseline -0.001 -9"><span class='ocrx_word' id='word_1_299' title='bbox 1151 447 1262 483; x_wconf 81' lang='lat' dir='ltr'>ciada,</span> <span class='ocrx_word' id='word_1_300' title='bbox 1279 446 1373 477; x_wconf 78' lang='lat' dir='ltr'>facto</span> <span class='ocrx_word' id='word_1_301' title='bbox 1390 445 1499 487; x_wconf 85' lang='lat' dir='ltr'>prima</span> <span class='ocrx_word' id='word_1_302' title='bbox 1521 455 1775 484; x_wconf 78' lang='lat' dir='ltr'>compromesso</span> <span class='ocrx_word' id='word_1_303' title='bbox 1792 445 1824 475; x_wconf 88' lang='lat' dir='ltr'>in</span> <span class='ocrx_word' id='word_1_304' title='bbox 1842 445 1874 476; x_wconf 89' lang='lat' dir='ltr'>lo</span> <span class='ocrx_word' id='word_1_305' title='bbox 1895 446 1988 477; x_wconf 90' lang='lat' dir='ltr'>dicto</span> 
     </span>
     <span class='ocr_line' id='line_1_63' title="bbox 1151 499 1987 541; baseline -0.002 -9"><span class='ocrx_word' id='word_1_306' title='bbox 1151 500 1314 533; x_wconf 85' lang='lat' dir='ltr'>eardenal</span> <span class='ocrx_word' id='word_1_307' title='bbox 1339 511 1401 541; x_wconf 89' lang='lat' dir='ltr'>per</span> <span class='ocrx_word' id='word_1_308' title='bbox 1425 505 1510 530; x_wconf 86' lang='lat' dir='ltr'>tutte</span> <span class='ocrx_word' id='word_1_309' title='bbox 1536 499 1566 529; x_wconf 89' lang='lat' dir='ltr'>le</span> <span class='ocrx_word' id='word_1_310' title='bbox 1599 506 1706 539; x_wconf 77' lang='lat' dir='ltr'>parte,</span> <span class='ocrx_word' id='word_1_311' title='bbox 1735 499 1862 539; x_wconf 74' lang='lat' dir='ltr'>perche</span> <span class='ocrx_word' id='word_1_312' title='bbox 1891 510 1952 540; x_wconf 91' lang='lat' dir='ltr'>per</span> <span class='ocrx_word' id='word_1_313' title='bbox 1977 499 1987 530; x_wconf 82' lang='lat' dir='ltr'>i</span> 
     </span>
     <span class='ocr_line' id='line_1_64' title="bbox 1150 552 1990 596; baseline -0.002 -11"><span class='ocrx_word' id='word_1_314' title='bbox 1150 554 1279 596; x_wconf 82' lang='lat' dir='ltr'>signori</span> <span class='ocrx_word' id='word_1_315' title='bbox 1305 554 1348 585; x_wconf 94' lang='lat' dir='ltr'>de</span> <span class='ocrx_word' id='word_1_316' title='bbox 1372 552 1483 584; x_wconf 90' lang='lat' dir='ltr'>Milan</span> <span class='ocrx_word' id='word_1_317' title='bbox 1506 558 1538 583; x_wconf 87' lang='lat' dir='ltr'>et</span> <span class='ocrx_word' id='word_1_318' title='bbox 1562 552 1652 583; x_wconf 84' lang='lat' dir='ltr'>dalla</span> <span class='ocrx_word' id='word_1_319' title='bbox 1678 552 1780 583; x_wconf 85' lang='lat' dir='ltr'>Scala</span> <span class='ocrx_word' id='word_1_320' title='bbox 1798 552 1913 593; x_wconf 64' lang='lat' dir='ltr'>vignia</span> <span class='ocrx_word' id='word_1_321' title='bbox 1930 563 1990 593; x_wconf 91' lang='lat' dir='ltr'>op·-</span> 
     </span>
     <span class='ocr_line' id='line_1_65' title="bbox 1151 604 1988 649; baseline -0.004 -11"><span class='ocrx_word' id='word_1_322' title='bbox 1151 606 1243 649; x_wconf 74' lang='lat' dir='ltr'>ponh</span> <span class='ocrx_word' id='word_1_323' title='bbox 1269 607 1331 638; x_wconf 84' lang='lat' dir='ltr'>che</span> <span class='ocrx_word' id='word_1_324' title='bbox 1357 606 1366 637; x_wconf 88' lang='lat' dir='ltr'>i</span> <span class='ocrx_word' id='word_1_325' title='bbox 1389 605 1519 648; x_wconf 81' lang='lat' dir='ltr'>signori</span> <span class='ocrx_word' id='word_1_326' title='bbox 1535 606 1578 636; x_wconf 87' lang='lat' dir='ltr'>de</span> <span class='ocrx_word' id='word_1_327' title='bbox 1602 604 1741 636; x_wconf 78' lang='lat' dir='ltr'>Mantoa</span> <span class='ocrx_word' id='word_1_328' title='bbox 1760 615 1803 635; x_wconf 91' lang='lat' dir='ltr'>no</span> <span class='ocrx_word' id='word_1_329' title='bbox 1821 615 1856 635; x_wconf 85' lang='lat' dir='ltr'>se</span> <span class='ocrx_word' id='word_1_330' title='bbox 1877 605 1988 636; x_wconf 88' lang='lat' dir='ltr'>dovea</span> 
     </span>
     <span class='ocr_line' id='line_1_66' title="bbox 1150 658 1990 701; baseline -0.002 -10"><span class='ocrx_word' id='word_1_331' title='bbox 1150 660 1307 691; x_wconf 88' lang='lat' dir='ltr'>includer</span> <span class='ocrx_word' id='word_1_332' title='bbox 1320 671 1379 701; x_wconf 89' lang='lat' dir='ltr'>per</span> <span class='ocrx_word' id='word_1_333' title='bbox 1395 659 1519 701; x_wconf 76' lang='lat' dir='ltr'>colliga</span> <span class='ocrx_word' id='word_1_334' title='bbox 1533 659 1568 689; x_wconf 91' lang='lat' dir='ltr'>in</span> <span class='ocrx_word' id='word_1_335' title='bbox 1583 658 1613 688; x_wconf 88' lang='lat' dir='ltr'>la</span> <span class='ocrx_word' id='word_1_336' title='bbox 1626 669 1717 699; x_wconf 87' lang='lat' dir='ltr'>pase.</span> <span class='ocrx_word' id='word_1_337' title='bbox 1743 659 1756 689; x_wconf 90' lang='grc'><strong>1</strong></span> <span class='ocrx_word' id='word_1_338' title='bbox 1771 659 1860 700; x_wconf 88' lang='lat' dir='ltr'>quali</span> <span class='ocrx_word' id='word_1_339' title='bbox 1875 658 1990 700; x_wconf 75' lang='lat' dir='ltr'>signo-</span> 
     </span>
     <span class='ocr_line' id='line_1_67' title="bbox 1150 710 1987 752; baseline -0.004 -8"><span class='ocrx_word' id='word_1_340' title='bbox 1150 712 1179 743; x_wconf 87' lang='lat' dir='ltr'>ri</span> <span class='ocrx_word' id='word_1_341' title='bbox 1198 714 1239 744; x_wconf 89' lang='lat' dir='ltr'>de</span> <span class='ocrx_word' id='word_1_342' title='bbox 1255 713 1428 749; x_wconf 79' lang='lat' dir='ltr'>Manctoa,</span> <span class='ocrx_word' id='word_1_343' title='bbox 1448 712 1519 742; x_wconf 77' lang='lat' dir='ltr'>fato</span> <span class='ocrx_word' id='word_1_344' title='bbox 1545 711 1576 741; x_wconf 89' lang='lat' dir='ltr'>el</span> <span class='ocrx_word' id='word_1_345' title='bbox 1593 721 1858 752; x_wconf 82' lang='lat' dir='ltr'>compromesso,</span> <span class='ocrx_word' id='word_1_346' title='bbox 1876 710 1987 742; x_wconf 82' lang='lat' dir='ltr'>subito</span> 
     </span>
     <span class='ocr_line' id='line_1_68' title="bbox 1150 757 1987 804; baseline -0.002 -9"><span class='ocrx_word' id='word_1_347' title='bbox 1150 766 1159 795; x_wconf 89' lang='lat' dir='ltr'>i</span> <span class='ocrx_word' id='word_1_348' title='bbox 1182 765 1267 797; x_wconf 76' lang='lat' dir='ltr'>sono</span> <span class='ocrx_word' id='word_1_349' title='bbox 1290 766 1424 802; x_wconf 78' lang='lat' dir='ltr'>inclusi,</span> <span class='ocrx_word' id='word_1_350' title='bbox 1448 764 1582 796; x_wconf 79' lang='lat' dir='ltr'>benche</span> <span class='ocrx_word' id='word_1_351' title='bbox 1608 775 1669 804; x_wconf 89' lang='lat' dir='ltr'>per</span> <span class='ocrx_word' id='word_1_352' title='bbox 1693 763 1703 793; x_wconf 78' lang='lat' dir='ltr'>i</span> <span class='ocrx_word' id='word_1_353' title='bbox 1729 762 1926 794; x_wconf 80' lang='lat' dir='ltr'>ambaxaori</span> <span class='ocrx_word' id='word_1_354' title='bbox 1953 757 1987 794; x_wconf 72' lang='lat' dir='ltr'>di</span> 
     </span>
     <span class='ocr_line' id='line_1_69' title="bbox 1149 816 1987 861; baseline -0.005 -11"><span class='ocrx_word' id='word_1_355' title='bbox 1149 819 1233 850; x_wconf 88' lang='lat' dir='ltr'>dicti</span> <span class='ocrx_word' id='word_1_356' title='bbox 1256 818 1385 861; x_wconf 78' lang='lat' dir='ltr'>signori</span> <span class='ocrx_word' id='word_1_357' title='bbox 1415 819 1458 849; x_wconf 92' lang='lat' dir='ltr'>de</span> <span class='ocrx_word' id='word_1_358' title='bbox 1484 816 1591 848; x_wconf 81' lang='lat' dir='ltr'>Milan</span> <span class='ocrx_word' id='word_1_359' title='bbox 1618 823 1652 848; x_wconf 88' lang='lat' dir='ltr'>et</span> <span class='ocrx_word' id='word_1_360' title='bbox 1680 816 1816 847; x_wconf 88' lang='lat' dir='ltr'>Verona</span> <span class='ocrx_word' id='word_1_361' title='bbox 1848 816 1884 846; x_wconf 78' lang='lat' dir='ltr'>fo</span> <span class='ocrx_word' id='word_1_362' title='bbox 1911 816 1987 846; x_wconf 78' lang='lat' dir='ltr'>fatti</span> 
     </span>
     <span class='ocr_line' id='line_1_70' title="bbox 1147 869 1987 913; baseline -0.005 -10"><span class='ocrx_word' id='word_1_363' title='bbox 1147 872 1243 903; x_wconf 85' lang='lat' dir='ltr'>molti</span> <span class='ocrx_word' id='word_1_364' title='bbox 1267 872 1422 912; x_wconf 77' lang='lat' dir='ltr'>protesti‚</span> <span class='ocrx_word' id='word_1_365' title='bbox 1447 871 1456 901; x_wconf 93' lang='lat' dir='ltr'>i</span> <span class='ocrx_word' id='word_1_366' title='bbox 1481 870 1572 913; x_wconf 88' lang='lat' dir='ltr'>quali</span> <span class='ocrx_word' id='word_1_367' title='bbox 1598 870 1630 900; x_wconf 92' lang='lat' dir='ltr'>in</span> <span class='ocrx_word' id='word_1_368' title='bbox 1655 875 1743 900; x_wconf 84' lang='lat' dir='ltr'>tutto</span> <span class='ocrx_word' id='word_1_369' title='bbox 1759 875 1792 899; x_wconf 85' lang='lat' dir='ltr'>et</span> <span class='ocrx_word' id='word_1_370' title='bbox 1810 869 1889 910; x_wconf 58' lang='lat' dir='ltr'>ogni</span> <span class='ocrx_word' id='word_1_371' title='bbox 1907 879 1987 900; x_wconf 90' lang='lat' dir='ltr'>cosa</span> 
     </span>
     <span class='ocr_line' id='line_1_71' title="bbox 1149 922 1988 964; baseline -0.005 -8"><span class='ocrx_word' id='word_1_372' title='bbox 1149 926 1184 956; x_wconf 83' lang='lat' dir='ltr'>fo</span> <span class='ocrx_word' id='word_1_373' title='bbox 1210 925 1387 956; x_wconf 87' lang='lat' dir='ltr'>d’acordo.</span> <span class='ocrx_word' id='word_1_374' title='bbox 1432 924 1476 955; x_wconf 81' lang='lat' dir='ltr'>Et</span> <span class='ocrx_word' id='word_1_375' title='bbox 1508 924 1542 954; x_wconf 90' lang='lat' dir='ltr'>in</span> <span class='ocrx_word' id='word_1_376' title='bbox 1573 928 1693 964; x_wconf 80' lang='lat' dir='ltr'>questo</span> <span class='ocrx_word' id='word_1_377' title='bbox 1729 933 1764 953; x_wconf 88' lang='lat' dir='ltr'>se</span> <span class='ocrx_word' id='word_1_378' title='bbox 1795 922 1850 963; x_wconf 86' lang='lat' dir='ltr'>po&#39;</span> <span class='ocrx_word' id='word_1_379' title='bbox 1881 923 1988 952; x_wconf 85' lang='lat' dir='ltr'>veder</span> 
     </span>
     <span class='ocr_line' id='line_1_72' title="bbox 1148 974 1986 1020; baseline -0.006 -11"><span class='ocrx_word' id='word_1_380' title='bbox 1148 984 1273 1020; x_wconf 82' lang='lat' dir='ltr'>quanta</span> <span class='ocrx_word' id='word_1_381' title='bbox 1308 978 1343 1008; x_wconf 74' lang='lat' dir='ltr'>fe</span> <span class='ocrx_word' id='word_1_382' title='bbox 1375 987 1527 1008; x_wconf 83' lang='lat' dir='ltr'>servasse</span> <span class='ocrx_word' id='word_1_383' title='bbox 1560 977 1590 1007; x_wconf 89' lang='lat' dir='ltr'>el</span> <span class='ocrx_word' id='word_1_384' title='bbox 1623 977 1741 1016; x_wconf 73' lang='lat' dir='ltr'>signor</span> <span class='ocrx_word' id='word_1_385' title='bbox 1773 977 1816 1006; x_wconf 89' lang='lat' dir='ltr'>de</span> <span class='ocrx_word' id='word_1_386' title='bbox 1849 974 1986 1005; x_wconf 83' lang='lat' dir='ltr'>Verona</span> 
     </span>
     <span class='ocr_line' id='line_1_73' title="bbox 1147 1029 1985 1072; baseline -0.005 -9"><span class='ocrx_word' id='word_1_387' title='bbox 1147 1033 1214 1063; x_wconf 86' lang='lat' dir='ltr'>alla</span> <span class='ocrx_word' id='word_1_388' title='bbox 1239 1032 1369 1064; x_wconf 77' lang='lat' dir='ltr'>Gliiesa</span> <span class='ocrx_word' id='word_1_389' title='bbox 1394 1038 1428 1064; x_wconf 84' lang='lat' dir='ltr'>et</span> <span class='ocrx_word' id='word_1_390' title='bbox 1444 1032 1474 1062; x_wconf 85' lang='lat' dir='ltr'>ai</span> <span class='ocrx_word' id='word_1_391' title='bbox 1491 1042 1528 1062; x_wconf 89' lang='lat' dir='ltr'>so</span> <span class='ocrx_word' id='word_1_392' title='bbox 1546 1031 1719 1072; x_wconf 82' lang='lat' dir='ltr'>colligadi.</span> <span class='ocrx_word' id='word_1_393' title='bbox 1752 1029 1851 1071; x_wconf 74' lang='lat' dir='ltr'>Anci,</span> <span class='ocrx_word' id='word_1_394' title='bbox 1869 1029 1985 1071; x_wconf 74' lang='lat' dir='ltr'>facan·</span> 
     </span>
     <span class='ocr_line' id='line_1_74' title="bbox 1147 1082 1985 1126; baseline -0.004 -10"><span class='ocrx_word' id='word_1_395' title='bbox 1147 1087 1191 1118; x_wconf 90' lang='lat' dir='ltr'>do</span> <span class='ocrx_word' id='word_1_396' title='bbox 1224 1096 1322 1117; x_wconf 87' lang='lat' dir='ltr'>scusa</span> <span class='ocrx_word' id='word_1_397' title='bbox 1353 1086 1418 1116; x_wconf 87' lang='lat' dir='ltr'>che</span> <span class='ocrx_word' id='word_1_398' title='bbox 1450 1096 1512 1126; x_wconf 86' lang='lat' dir='ltr'>per</span> <span class='ocrx_word' id='word_1_399' title='bbox 1544 1085 1575 1115; x_wconf 90' lang='lat' dir='ltr'>la</span> <span class='ocrx_word' id='word_1_400' title='bbox 1609 1083 1813 1124; x_wconf 76' lang='lat' dir='ltr'>pestilencia</span> <span class='ocrx_word' id='word_1_401' title='bbox 1845 1082 1910 1114; x_wconf 87' lang='lat' dir='ltr'>ello</span> <span class='ocrx_word' id='word_1_402' title='bbox 1942 1092 1985 1113; x_wconf 91' lang='lat' dir='ltr'>no</span> 
     </span>
     <span class='ocr_line' id='line_1_75' title="bbox 1147 1136 1985 1181; baseline -0.006 -10"><span class='ocrx_word' id='word_1_403' title='bbox 1147 1141 1258 1171; x_wconf 84' lang='lat' dir='ltr'>havea</span> <span class='ocrx_word' id='word_1_404' title='bbox 1293 1140 1442 1181; x_wconf 88' lang='lat' dir='ltr'>possudo</span> <span class='ocrx_word' id='word_1_405' title='bbox 1479 1139 1637 1170; x_wconf 84' lang='lat' dir='ltr'>attender</span> <span class='ocrx_word' id='word_1_406' title='bbox 1672 1137 1796 1178; x_wconf 85' lang='lat' dir='ltr'>quello,</span> <span class='ocrx_word' id='word_1_407' title='bbox 1821 1137 1886 1168; x_wconf 83' lang='lat' dir='ltr'>che</span> <span class='ocrx_word' id='word_1_408' title='bbox 1919 1136 1985 1167; x_wconf 87' lang='lat' dir='ltr'>ello</span> 
     </span>
     <span class='ocr_line' id='line_1_76' title="bbox 1147 1189 1985 1234; baseline -0.005 -11"><span class='ocrx_word' id='word_1_409' title='bbox 1147 1194 1255 1224; x_wconf 86' lang='lat' dir='ltr'>havea</span> <span class='ocrx_word' id='word_1_410' title='bbox 1280 1203 1452 1234; x_wconf 84' lang='lat' dir='ltr'>promesso</span> <span class='ocrx_word' id='word_1_411' title='bbox 1476 1193 1541 1223; x_wconf 84' lang='lat' dir='ltr'>alla</span> <span class='ocrx_word' id='word_1_412' title='bbox 1566 1191 1693 1223; x_wconf 78' lang='lat' dir='ltr'>Ghiesa</span> <span class='ocrx_word' id='word_1_413' title='bbox 1713 1197 1745 1221; x_wconf 89' lang='lat' dir='ltr'>et</span> <span class='ocrx_word' id='word_1_414' title='bbox 1761 1190 1793 1221; x_wconf 86' lang='lat' dir='ltr'>ai</span> <span class='ocrx_word' id='word_1_415' title='bbox 1812 1189 1985 1231; x_wconf 63' lang='lat' dir='ltr'>cossigadi,</span> 
     </span>
     <span class='ocr_line' id='line_1_77' title="bbox 1145 1245 1985 1288; baseline -0.006 -11"><span class='ocrx_word' id='word_1_416' title='bbox 1145 1247 1300 1279; x_wconf 78' lang='lat' dir='ltr'>s&#39;acordo</span> <span class='ocrx_word' id='word_1_417' title='bbox 1318 1258 1382 1278; x_wconf 85' lang='lat' dir='ltr'>con</span> <span class='ocrx_word' id='word_1_418' title='bbox 1400 1246 1577 1288; x_wconf 84' lang='lat' dir='ltr'>l&#39;iuimigo‚</span> <span class='ocrx_word' id='word_1_419' title='bbox 1595 1245 1743 1275; x_wconf 71' lang='lat' dir='ltr'>volando</span> <span class='ocrx_word' id='word_1_420' title='bbox 1760 1254 1823 1284; x_wconf 89' lang='lat' dir='ltr'>pur</span> <span class='ocrx_word' id='word_1_421' title='bbox 1843 1249 1985 1274; x_wconf 87' lang='lat' dir='ltr'>mostrar</span> 
     </span>
     <span class='ocr_line' id='line_1_78' title="bbox 1145 1296 1984 1334; baseline -0.007 -3"><span class='ocrx_word' id='word_1_422' title='bbox 1145 1300 1270 1332; x_wconf 88' lang='lat' dir='ltr'>ch’ello</span> <span class='ocrx_word' id='word_1_423' title='bbox 1293 1311 1337 1331; x_wconf 91' lang='lat' dir='ltr'>no</span> <span class='ocrx_word' id='word_1_424' title='bbox 1361 1300 1393 1331; x_wconf 92' lang='lat' dir='ltr'>lo</span> <span class='ocrx_word' id='word_1_425' title='bbox 1425 1300 1567 1330; x_wconf 86' lang='lat' dir='ltr'>havesse</span> <span class='ocrx_word' id='word_1_426' title='bbox 1600 1298 1703 1329; x_wconf 72' lang='lat' dir='ltr'>facto.</span> <span class='ocrx_word' id='word_1_427' title='bbox 1751 1296 1823 1334; x_wconf 85' lang='lat' dir='ltr'>Po’,</span> <span class='ocrx_word' id='word_1_428' title='bbox 1853 1296 1928 1327; x_wconf 90' lang='lat' dir='ltr'>drio</span> <span class='ocrx_word' id='word_1_429' title='bbox 1954 1296 1984 1326; x_wconf 89' lang='lat' dir='ltr'>la</span> 
     </span>
     <span class='ocr_line' id='line_1_79' title="bbox 1145 1349 1983 1393; baseline -0.007 -9"><span class='ocrx_word' id='word_1_430' title='bbox 1145 1353 1379 1384; x_wconf 76' lang='lat' dir='ltr'>declamacion</span> <span class='ocrx_word' id='word_1_431' title='bbox 1412 1353 1445 1384; x_wconf 91' lang='lat' dir='ltr'>di</span> <span class='ocrx_word' id='word_1_432' title='bbox 1478 1352 1630 1393; x_wconf 81' lang='lat' dir='ltr'>capituli,</span> <span class='ocrx_word' id='word_1_433' title='bbox 1659 1349 1781 1381; x_wconf 83' lang='lat' dir='ltr'>mesier</span> <span class='ocrx_word' id='word_1_434' title='bbox 1812 1349 1845 1380; x_wconf 91' lang='grc'><strong>10</strong></span> <span class='ocrx_word' id='word_1_435' title='bbox 1869 1349 1983 1390; x_wconf 75' lang='lat' dir='ltr'>legato</span> 
     </span>
     <span class='ocr_line' id='line_1_80' title="bbox 1146 1402 1983 1447; baseline -0.007 -9"><span class='ocrx_word' id='word_1_436' title='bbox 1146 1407 1336 1447; x_wconf 76' lang='lat' dir='ltr'>pronuncio</span> <span class='ocrx_word' id='word_1_437' title='bbox 1368 1406 1398 1437; x_wconf 91' lang='lat' dir='ltr'>la</span> <span class='ocrx_word' id='word_1_438' title='bbox 1430 1416 1520 1447; x_wconf 84' lang='lat' dir='ltr'>pase,</span> <span class='ocrx_word' id='word_1_439' title='bbox 1553 1404 1714 1435; x_wconf 84' lang='lat' dir='ltr'>mectudo</span> <span class='ocrx_word' id='word_1_440' title='bbox 1749 1403 1781 1434; x_wconf 89' lang='lat' dir='ltr'>la</span> <span class='ocrx_word' id='word_1_441' title='bbox 1815 1413 1904 1443; x_wconf 88' lang='lat' dir='ltr'>pena</span> <span class='ocrx_word' id='word_1_442' title='bbox 1940 1402 1983 1432; x_wconf 86' lang='lat' dir='ltr'>de</span> 
     </span>
     <span class='ocr_line' id='line_1_81' title="bbox 1144 1455 1982 1491; baseline -0.007 0"><span class='ocrx_word' id='word_1_443' title='bbox 1144 1459 1287 1491; x_wconf 86' lang='lat' dir='ltr'>dusento</span> <span class='ocrx_word' id='word_1_444' title='bbox 1311 1459 1417 1490; x_wconf 86' lang='lat' dir='ltr'>millia</span> <span class='ocrx_word' id='word_1_445' title='bbox 1440 1459 1552 1490; x_wconf 84' lang='lat' dir='ltr'>fiorini</span> <span class='ocrx_word' id='word_1_446' title='bbox 1570 1468 1589 1488; x_wconf 87' lang='lat' dir='ltr'>a</span> <span class='ocrx_word' id='word_1_447' title='bbox 1607 1458 1664 1488; x_wconf 84' lang='lat' dir='ltr'>chi</span> <span class='ocrx_word' id='word_1_448' title='bbox 1682 1456 1905 1488; x_wconf 73' lang='lat' dir='ltr'>contrafesse.</span> <span class='ocrx_word' id='word_1_449' title='bbox 1938 1455 1982 1485; x_wconf 75' lang='lat' dir='ltr'>Et</span> 
     </span>
     <span class='ocr_line' id='line_1_82' title="bbox 1143 1509 1982 1553; baseline -0.007 -9"><span class='ocrx_word' id='word_1_450' title='bbox 1143 1514 1214 1544; x_wconf 78' lang='lat' dir='ltr'>cosi</span> <span class='ocrx_word' id='word_1_451' title='bbox 1238 1514 1273 1544; x_wconf 78' lang='lat' dir='ltr'>fo</span> <span class='ocrx_word' id='word_1_452' title='bbox 1297 1513 1436 1553; x_wconf 83' lang='lat' dir='ltr'>scripto.</span> <span class='ocrx_word' id='word_1_453' title='bbox 1471 1512 1520 1543; x_wconf 87' lang='lat' dir='ltr'>La</span> <span class='ocrx_word' id='word_1_454' title='bbox 1539 1511 1616 1552; x_wconf 81' lang='lat' dir='ltr'>qual</span> <span class='ocrx_word' id='word_1_455' title='bbox 1634 1520 1714 1552; x_wconf 89' lang='lat' dir='ltr'>pase</span> <span class='ocrx_word' id='word_1_456' title='bbox 1736 1510 1771 1540; x_wconf 81' lang='lat' dir='ltr'>fo</span> <span class='ocrx_word' id='word_1_457' title='bbox 1789 1519 1855 1540; x_wconf 91' lang='lat' dir='ltr'>con</span> <span class='ocrx_word' id='word_1_458' title='bbox 1872 1509 1982 1539; x_wconf 85' lang='lat' dir='ltr'>honor</span> 
     </span>
     <span class='ocr_line' id='line_1_83' title="bbox 1143 1562 1982 1608; baseline -0.008 -10"><span class='ocrx_word' id='word_1_459' title='bbox 1143 1567 1176 1598; x_wconf 84' lang='lat' dir='ltr'>di</span> <span class='ocrx_word' id='word_1_460' title='bbox 1201 1567 1351 1608; x_wconf 82' lang='lat' dir='ltr'>colligati</span> <span class='ocrx_word' id='word_1_461' title='bbox 1370 1573 1403 1596; x_wconf 86' lang='lat' dir='ltr'>et</span> <span class='ocrx_word' id='word_1_462' title='bbox 1420 1575 1597 1606; x_wconf 67' lang='lat' dir='ltr'>vergogna</span> <span class='ocrx_word' id='word_1_463' title='bbox 1614 1565 1655 1595; x_wconf 93' lang='lat' dir='ltr'>de</span> <span class='ocrx_word' id='word_1_464' title='bbox 1673 1563 1797 1594; x_wconf 87' lang='lat' dir='ltr'>mesier</span> <span class='ocrx_word' id='word_1_465' title='bbox 1814 1562 1982 1602; x_wconf 76' lang='lat' dir='ltr'>Bernabo,</span> 
     </span>
     <span class='ocr_line' id='line_1_84' title="bbox 1143 1615 1983 1661; baseline -0.007 -11"><span class='ocrx_word' id='word_1_466' title='bbox 1143 1619 1282 1660; x_wconf 77' lang='lat' dir='ltr'>perche,</span> <span class='ocrx_word' id='word_1_467' title='bbox 1295 1619 1396 1661; x_wconf 73' lang='lat' dir='ltr'>nanci</span> <span class='ocrx_word' id='word_1_468' title='bbox 1414 1619 1478 1649; x_wconf 89' lang='lat' dir='ltr'>che</span> <span class='ocrx_word' id='word_1_469' title='bbox 1496 1618 1517 1648; x_wconf 89' lang='lat' dir='ltr'>’l</span> <span class='ocrx_word' id='word_1_470' title='bbox 1535 1618 1625 1648; x_wconf 79' lang='lat' dir='ltr'>fosse</span> <span class='ocrx_word' id='word_1_471' title='bbox 1643 1615 1775 1647; x_wconf 86' lang='lat' dir='ltr'>absolto</span> <span class='ocrx_word' id='word_1_472' title='bbox 1793 1616 1883 1646; x_wconf 85' lang='lat' dir='ltr'>della</span> <span class='ocrx_word' id='word_1_473' title='bbox 1901 1625 1983 1645; x_wconf 88' lang='lat' dir='ltr'>con-</span> 
     </span>
     <span class='ocr_line' id='line_1_85' title="bbox 1142 1667 1981 1711; baseline -0.007 -7"><span class='ocrx_word' id='word_1_474' title='bbox 1142 1673 1295 1704; x_wconf 86' lang='lat' dir='ltr'>danason</span> <span class='ocrx_word' id='word_1_475' title='bbox 1319 1672 1410 1703; x_wconf 82' lang='lat' dir='ltr'>della</span> <span class='ocrx_word' id='word_1_476' title='bbox 1435 1671 1575 1707; x_wconf 83' lang='lat' dir='ltr'>heresia‚</span> <span class='ocrx_word' id='word_1_477' title='bbox 1599 1669 1665 1700; x_wconf 87' lang='lat' dir='ltr'>ello</span> <span class='ocrx_word' id='word_1_478' title='bbox 1693 1669 1775 1711; x_wconf 79' lang='lat' dir='ltr'>curo</span> <span class='ocrx_word' id='word_1_479' title='bbox 1804 1668 1835 1699; x_wconf 84' lang='lat' dir='ltr'>la</span> <span class='ocrx_word' id='word_1_480' title='bbox 1861 1667 1981 1699; x_wconf 70' lang='lat' dir='ltr'>liberta</span> 
     </span>
     <span class='ocr_line' id='line_1_86' title="bbox 1142 1720 1981 1757; baseline -0.008 0"><span class='ocrx_word' id='word_1_481' title='bbox 1142 1726 1235 1757; x_wconf 87' lang='lat' dir='ltr'>della</span> <span class='ocrx_word' id='word_1_482' title='bbox 1260 1726 1388 1757; x_wconf 84' lang='lat' dir='ltr'>Ghiesa</span> <span class='ocrx_word' id='word_1_483' title='bbox 1412 1732 1445 1755; x_wconf 90' lang='lat' dir='ltr'>et</span> <span class='ocrx_word' id='word_1_484' title='bbox 1468 1723 1635 1755; x_wconf 76' lang='lat' dir='ltr'>renuncio</span> <span class='ocrx_word' id='word_1_485' title='bbox 1653 1722 1719 1753; x_wconf 88' lang='lat' dir='ltr'>alla</span> <span class='ocrx_word' id='word_1_486' title='bbox 1737 1732 1833 1753; x_wconf 81' lang='lat' dir='ltr'>tason</span> <span class='ocrx_word' id='word_1_487' title='bbox 1853 1720 1907 1752; x_wconf 90' lang='lat' dir='ltr'>del</span> <span class='ocrx_word' id='word_1_488' title='bbox 1932 1721 1981 1751; x_wconf 93' lang='lat' dir='ltr'>vi-</span> 
     </span>
     <span class='ocr_line' id='line_1_87' title="bbox 1142 1774 1980 1820; baseline -0.008 -9"><span class='ocrx_word' id='word_1_489' title='bbox 1142 1780 1235 1812; x_wconf 74' lang='lat' dir='ltr'>caria</span> <span class='ocrx_word' id='word_1_490' title='bbox 1252 1779 1294 1810; x_wconf 87' lang='lat' dir='ltr'>de</span> <span class='ocrx_word' id='word_1_491' title='bbox 1313 1778 1479 1820; x_wconf 84' lang='lat' dir='ltr'>Bologna,</span> <span class='ocrx_word' id='word_1_492' title='bbox 1497 1787 1532 1808; x_wconf 89' lang='lat' dir='ltr'>se</span> <span class='ocrx_word' id='word_1_493' title='bbox 1550 1777 1569 1806; x_wconf 89' lang='lat' dir='ltr'>’l</span> <span class='ocrx_word' id='word_1_494' title='bbox 1588 1787 1630 1818; x_wconf 77' lang='lat' dir='ltr'>ge</span> <span class='ocrx_word' id='word_1_495' title='bbox 1649 1776 1839 1816; x_wconf 88' lang='lat' dir='ltr'>pretendea</span> <span class='ocrx_word' id='word_1_496' title='bbox 1855 1774 1980 1817; x_wconf 86' lang='lat' dir='ltr'>alguna</span> 
     </span>
     <span class='ocr_line' id='line_1_88' title="bbox 1143 1843 1259 1864; baseline 0 0"><span class='ocrx_word' id='word_1_497' title='bbox 1143 1843 1232 1864; x_wconf 86' lang='lat' dir='ltr'>cosa.</span> <span class='ocrx_word' id='word_1_498' title='bbox 1255 1843 1259 1846; x_wconf 59' lang='grc'><em>“</em></span> 
     </span>
    </p>
   </div>
   <div class='ocr_carea' id='block_1_20' title="bbox 1136 1935 1981 2885">
    <p class='ocr_par' dir='ltr' id='par_1_20' title="bbox 1136 1935 1981 2885">
     <span class='ocr_line' id='line_1_89' title="bbox 1231 1935 1981 1976; baseline -0.008 -6"><span class='ocrx_word' id='word_1_499' title='bbox 1231 1941 1304 1970; x_wconf 75' lang='lat'>246.</span> <span class='ocrx_word' id='word_1_500' title='bbox 1336 1955 1377 1960; x_wconf 75' lang='grc'>-</span> <span class='ocrx_word' id='word_1_501' title='bbox 1410 1936 1574 1968; x_wconf 88' lang='lat' dir='ltr'>Durando</span> <span class='ocrx_word' id='word_1_502' title='bbox 1607 1937 1760 1968; x_wconf 88' lang='lat' dir='ltr'>anchora</span> <span class='ocrx_word' id='word_1_503' title='bbox 1792 1935 1822 1965; x_wconf 86' lang='lat' dir='ltr'>la</span> <span class='ocrx_word' id='word_1_504' title='bbox 1855 1944 1981 1976; x_wconf 86' lang='lat' dir='ltr'>guerra</span> 
     </span>
     <span class='ocr_line' id='line_1_90' title="bbox 1141 1988 1979 2026; baseline -0.007 -2"><span class='ocrx_word' id='word_1_505' title='bbox 1141 1999 1193 2024; x_wconf 82' lang='lat' dir='ltr'>tra</span> <span class='ocrx_word' id='word_1_506' title='bbox 1218 1993 1226 2023; x_wconf 93' lang='lat' dir='ltr'>i</span> <span class='ocrx_word' id='word_1_507' title='bbox 1252 1992 1443 2025; x_wconf 79' lang='lat' dir='ltr'>Fiorentini</span> <span class='ocrx_word' id='word_1_508' title='bbox 1466 1996 1500 2022; x_wconf 83' lang='lat' dir='ltr'>et</span> <span class='ocrx_word' id='word_1_509' title='bbox 1523 1991 1648 2026; x_wconf 85' lang='lat' dir='ltr'>Pisani,</span> <span class='ocrx_word' id='word_1_510' title='bbox 1674 1999 1771 2021; x_wconf 90' lang='lat' dir='ltr'>como</span> <span class='ocrx_word' id='word_1_511' title='bbox 1789 1988 1807 2019; x_wconf 80' lang='grc' dir='ltr'>ὲ</span> <span class='ocrx_word' id='word_1_512' title='bbox 1826 1988 1919 2020; x_wconf 86' lang='lat' dir='ltr'>dicto</span> <span class='ocrx_word' id='word_1_513' title='bbox 1935 1989 1979 2019; x_wconf 90' lang='lat' dir='ltr'>de</span> 
     </span>
     <span class='ocr_line' id='line_1_91' title="bbox 1140 2040 1979 2085; baseline -0.007 -8"><span class='ocrx_word' id='word_1_514' title='bbox 1140 2056 1251 2083; x_wconf 86' lang='lat' dir='ltr'>sovra,</span> <span class='ocrx_word' id='word_1_515' title='bbox 1277 2046 1286 2076; x_wconf 93' lang='lat' dir='ltr'>i</span> <span class='ocrx_word' id='word_1_516' title='bbox 1313 2045 1502 2077; x_wconf 86' lang='lat' dir='ltr'>Fiorentini</span> <span class='ocrx_word' id='word_1_517' title='bbox 1535 2054 1599 2075; x_wconf 87' lang='lat' dir='ltr'>con</span> <span class='ocrx_word' id='word_1_518' title='bbox 1626 2043 1658 2074; x_wconf 86' lang='lat' dir='ltr'>la</span> <span class='ocrx_word' id='word_1_519' title='bbox 1682 2048 1797 2085; x_wconf 82' lang='lat' dir='ltr'>gente,</span> <span class='ocrx_word' id='word_1_520' title='bbox 1822 2042 1887 2072; x_wconf 90' lang='lat' dir='ltr'>che</span> <span class='ocrx_word' id='word_1_521' title='bbox 1920 2040 1979 2072; x_wconf 81' lang='lat' dir='ltr'>elli</span> 
     </span>
     <span class='ocr_line' id='line_1_92' title="bbox 1142 2093 1980 2138; baseline -0.007 -8"><span class='ocrx_word' id='word_1_522' title='bbox 1142 2101 1248 2130; x_wconf 82' lang='lat' dir='ltr'>havea</span> <span class='ocrx_word' id='word_1_523' title='bbox 1285 2099 1456 2130; x_wconf 89' lang='lat' dir='ltr'>conducto</span> <span class='ocrx_word' id='word_1_524' title='bbox 1493 2096 1743 2138; x_wconf 83' lang='lat' dir='ltr'>d&#39;Allemagna‚</span> <span class='ocrx_word' id='word_1_525' title='bbox 1774 2106 1794 2125; x_wconf 90' lang='lat' dir='ltr'>a</span> <span class='ocrx_word' id='word_1_526' title='bbox 1829 2093 1980 2125; x_wconf 80' lang='lat' dir='ltr'>vendeta</span> 
     </span>
     <span class='ocr_line' id='line_1_93' title="bbox 1142 2148 1978 2186; baseline -0.008 -1"><span class='ocrx_word' id='word_1_527' title='bbox 1142 2156 1175 2186; x_wconf 85' lang='lat' dir='ltr'>di</span> <span class='ocrx_word' id='word_1_528' title='bbox 1190 2153 1303 2186; x_wconf 79' lang='lat' dir='ltr'>damni</span> <span class='ocrx_word' id='word_1_529' title='bbox 1319 2152 1479 2184; x_wconf 88' lang='lat' dir='ltr'>recevudi</span> <span class='ocrx_word' id='word_1_530' title='bbox 1495 2151 1662 2182; x_wconf 77' lang='lat' dir='ltr'>cavalcho</span> <span class='ocrx_word' id='word_1_531' title='bbox 1679 2150 1728 2180; x_wconf 88' lang='lat' dir='ltr'>sul</span> <span class='ocrx_word' id='word_1_532' title='bbox 1746 2155 1859 2181; x_wconf 83' lang='lat' dir='ltr'>terren</span> <span class='ocrx_word' id='word_1_533' title='bbox 1878 2148 1978 2179; x_wconf 87' lang='lat' dir='ltr'>Pisan</span> 
     </span>
     <span class='ocr_line' id='line_1_94' title="bbox 1141 2201 1978 2249; baseline -0.01 -10"><span class='ocrx_word' id='word_1_534' title='bbox 1141 2214 1174 2239; x_wconf 84' lang='lat' dir='ltr'>et</span> <span class='ocrx_word' id='word_1_535' title='bbox 1187 2218 1269 2249; x_wconf 83' lang='lat' dir='ltr'>pose</span> <span class='ocrx_word' id='word_1_536' title='bbox 1289 2216 1410 2246; x_wconf 83' lang='lat' dir='ltr'>campo</span> <span class='ocrx_word' id='word_1_537' title='bbox 1428 2206 1462 2236; x_wconf 91' lang='lat' dir='ltr'>in</span> <span class='ocrx_word' id='word_1_538' title='bbox 1481 2205 1512 2235; x_wconf 94' lang='grc'><strong>10</strong></span> <span class='ocrx_word' id='word_1_539' title='bbox 1532 2204 1640 2245; x_wconf 86' lang='lat' dir='ltr'>borgo</span> <span class='ocrx_word' id='word_1_540' title='bbox 1658 2203 1692 2234; x_wconf 91' lang='lat' dir='ltr'>di</span> <span class='ocrx_word' id='word_1_541' title='bbox 1711 2203 1869 2238; x_wconf 80' lang='lat' dir='ltr'>Castene,</span> <span class='ocrx_word' id='word_1_542' title='bbox 1886 2201 1978 2243; x_wconf 79' lang='lat' dir='ltr'>longi</span> 
     </span>
     <span class='ocr_line' id='line_1_95' title="bbox 1140 2255 1977 2298; baseline -0.007 -7"><span class='ocrx_word' id='word_1_543' title='bbox 1140 2262 1247 2292; x_wconf 86' lang='lat' dir='ltr'>miara</span> <span class='ocrx_word' id='word_1_544' title='bbox 1272 2261 1321 2290; x_wconf 87' lang='lat' dir='ltr'>sei</span> <span class='ocrx_word' id='word_1_545' title='bbox 1350 2259 1393 2289; x_wconf 84' lang='lat' dir='ltr'>da</span> <span class='ocrx_word' id='word_1_546' title='bbox 1426 2258 1514 2295; x_wconf 86' lang='lat' dir='ltr'>Pisa,</span> <span class='ocrx_word' id='word_1_547' title='bbox 1540 2263 1573 2288; x_wconf 90' lang='lat' dir='ltr'>et</span> <span class='ocrx_word' id='word_1_548' title='bbox 1604 2257 1681 2298; x_wconf 79' lang='lat' dir='ltr'>ogni</span> <span class='ocrx_word' id='word_1_549' title='bbox 1715 2265 1796 2287; x_wconf 86' lang='lat' dir='ltr'>cosa</span> <span class='ocrx_word' id='word_1_550' title='bbox 1827 2265 1864 2285; x_wconf 90' lang='lat' dir='ltr'>su</span> <span class='ocrx_word' id='word_1_551' title='bbox 1898 2255 1977 2296; x_wconf 83' lang='lat' dir='ltr'>quel</span> 
     </span>
     <span class='ocr_line' id='line_1_96' title="bbox 1141 2307 1977 2354; baseline -0.008 -10"><span class='ocrx_word' id='word_1_552' title='bbox 1141 2320 1253 2345; x_wconf 84' lang='lat' dir='ltr'>terren</span> <span class='ocrx_word' id='word_1_553' title='bbox 1280 2323 1361 2354; x_wconf 88' lang='lat' dir='ltr'>pose</span> <span class='ocrx_word' id='word_1_554' title='bbox 1386 2322 1404 2341; x_wconf 88' lang='lat' dir='ltr'>a</span> <span class='ocrx_word' id='word_1_555' title='bbox 1429 2311 1536 2352; x_wconf 76' lang='lat' dir='ltr'>fuogo</span> <span class='ocrx_word' id='word_1_556' title='bbox 1561 2315 1595 2340; x_wconf 86' lang='lat' dir='ltr'>et</span> <span class='ocrx_word' id='word_1_557' title='bbox 1619 2320 1638 2340; x_wconf 93' lang='lat' dir='ltr'>a</span> <span class='ocrx_word' id='word_1_558' title='bbox 1662 2309 1771 2339; x_wconf 78' lang='lat' dir='ltr'>flama.</span> <span class='ocrx_word' id='word_1_559' title='bbox 1813 2307 1878 2338; x_wconf 80' lang='lat' dir='ltr'>Ale</span> <span class='ocrx_word' id='word_1_560' title='bbox 1898 2307 1977 2349; x_wconf 86' lang='lat' dir='ltr'>qual</span> 
     </span>
     <span class='ocr_line' id='line_1_97' title="bbox 1140 2361 1978 2407; baseline -0.008 -10"><span class='ocrx_word' id='word_1_561' title='bbox 1140 2373 1242 2407; x_wconf 69' lang='lat' dir='ltr'>gente</span> <span class='ocrx_word' id='word_1_562' title='bbox 1275 2365 1424 2397; x_wconf 80' lang='lat' dir='ltr'>voiando</span> <span class='ocrx_word' id='word_1_563' title='bbox 1448 2364 1459 2394; x_wconf 90' lang='lat' dir='ltr'>i</span> <span class='ocrx_word' id='word_1_564' title='bbox 1484 2363 1600 2394; x_wconf 83' lang='lat' dir='ltr'>Pisani</span> <span class='ocrx_word' id='word_1_565' title='bbox 1624 2362 1824 2397; x_wconf 61' lang='lat' dir='ltr'>contum-iar,</span> <span class='ocrx_word' id='word_1_566' title='bbox 1844 2361 1978 2392; x_wconf 87' lang='lat' dir='ltr'>brieve-</span> 
     </span>
     <span class='ocr_line' id='line_1_98' title="bbox 1139 2415 1976 2451; baseline -0.008 0"><span class='ocrx_word' id='word_1_567' title='bbox 1139 2427 1251 2451; x_wconf 81' lang='lat' dir='ltr'>mente</span> <span class='ocrx_word' id='word_1_568' title='bbox 1277 2421 1359 2450; x_wconf 72' lang='lat' dir='ltr'>sono</span> <span class='ocrx_word' id='word_1_569' title='bbox 1383 2417 1551 2449; x_wconf 84' lang='lat' dir='ltr'>sconficti.</span> <span class='ocrx_word' id='word_1_570' title='bbox 1597 2416 1790 2447; x_wconf 83' lang='lat' dir='ltr'>Constrecti</span> <span class='ocrx_word' id='word_1_571' title='bbox 1816 2415 1976 2445; x_wconf 84' lang='lat' dir='ltr'>adoncha</span> 
     </span>
     <span class='ocr_line' id='line_1_99' title="bbox 1140 2469 1977 2511; baseline -0.008 -7"><span class='ocrx_word' id='word_1_572' title='bbox 1140 2474 1150 2504; x_wconf 90' lang='lat' dir='ltr'>i</span> <span class='ocrx_word' id='word_1_573' title='bbox 1176 2473 1291 2504; x_wconf 86' lang='lat' dir='ltr'>Pisani</span> <span class='ocrx_word' id='word_1_574' title='bbox 1316 2471 1487 2503; x_wconf 75' lang='lat' dir='ltr'>domanda</span> <span class='ocrx_word' id='word_1_575' title='bbox 1513 2471 1544 2501; x_wconf 86' lang='lat' dir='ltr'>la</span> <span class='ocrx_word' id='word_1_576' title='bbox 1576 2480 1668 2511; x_wconf 85' lang='lat' dir='ltr'>pase,</span> <span class='ocrx_word' id='word_1_577' title='bbox 1694 2469 1726 2499; x_wconf 88' lang='lat' dir='ltr'>la</span> <span class='ocrx_word' id='word_1_578' title='bbox 1750 2469 1829 2510; x_wconf 91' lang='lat' dir='ltr'>qual</span> <span class='ocrx_word' id='word_1_579' title='bbox 1860 2469 1867 2497; x_wconf 92' lang='lat' dir='ltr'>i</span> <span class='ocrx_word' id='word_1_580' title='bbox 1896 2469 1977 2498; x_wconf 89' lang='lat' dir='ltr'>Fio-</span> 
     </span>
     <span class='ocr_line' id='line_1_100' title="bbox 1139 2521 1977 2566; baseline -0.007 -9"><span class='ocrx_word' id='word_1_581' title='bbox 1139 2526 1262 2557; x_wconf 86' lang='lat' dir='ltr'>rentini</span> <span class='ocrx_word' id='word_1_582' title='bbox 1295 2526 1326 2556; x_wconf 88' lang='lat' dir='ltr'>ie</span> <span class='ocrx_word' id='word_1_583' title='bbox 1360 2524 1470 2566; x_wconf 75' lang='lat' dir='ltr'>niega,</span> <span class='ocrx_word' id='word_1_584' title='bbox 1502 2535 1556 2555; x_wconf 90' lang='lat' dir='ltr'>ma</span> <span class='ocrx_word' id='word_1_585' title='bbox 1589 2533 1632 2554; x_wconf 91' lang='lat' dir='ltr'>no</span> <span class='ocrx_word' id='word_1_586' title='bbox 1668 2522 1840 2564; x_wconf 82' lang='lat' dir='ltr'>possando</span> <span class='ocrx_word' id='word_1_587' title='bbox 1875 2522 1886 2552; x_wconf 88' lang='lat' dir='ltr'>i</span> <span class='ocrx_word' id='word_1_588' title='bbox 1922 2521 1977 2552; x_wconf 87' lang='lat' dir='ltr'>Pi-</span> 
     </span>
     <span class='ocr_line' id='line_1_101' title="bbox 1139 2574 1975 2610; baseline -0.008 0"><span class='ocrx_word' id='word_1_589' title='bbox 1139 2580 1212 2610; x_wconf 84' lang='lat' dir='ltr'>sani</span> <span class='ocrx_word' id='word_1_590' title='bbox 1248 2579 1335 2610; x_wconf 83' lang='lat' dir='ltr'>altro</span> <span class='ocrx_word' id='word_1_591' title='bbox 1371 2578 1426 2608; x_wconf 75' lang='lat' dir='ltr'>far</span> <span class='ocrx_word' id='word_1_592' title='bbox 1460 2587 1496 2607; x_wconf 91' lang='lat' dir='ltr'>se</span> <span class='ocrx_word' id='word_1_593' title='bbox 1530 2577 1654 2608; x_wconf 87' lang='lat' dir='ltr'>reduse</span> <span class='ocrx_word' id='word_1_594' title='bbox 1688 2575 1719 2605; x_wconf 87' lang='lat' dir='ltr'>al</span> <span class='ocrx_word' id='word_1_595' title='bbox 1755 2574 1907 2605; x_wconf 88' lang='lat' dir='ltr'>subsidio</span> <span class='ocrx_word' id='word_1_596' title='bbox 1941 2574 1975 2605; x_wconf 92' lang='lat' dir='ltr'>di</span> 
     </span>
     <span class='ocr_line' id='line_1_102' title="bbox 1138 2628 1976 2672; baseline -0.008 -8"><span class='ocrx_word' id='word_1_597' title='bbox 1138 2632 1306 2664; x_wconf 81' lang='lat' dir='ltr'>Visconti.</span> <span class='ocrx_word' id='word_1_598' title='bbox 1352 2630 1403 2661; x_wconf 89' lang='lat' dir='ltr'>La</span> <span class='ocrx_word' id='word_1_599' title='bbox 1427 2630 1507 2672; x_wconf 90' lang='lat' dir='ltr'>qual</span> <span class='ocrx_word' id='word_1_600' title='bbox 1532 2639 1614 2661; x_wconf 87' lang='lat' dir='ltr'>cosa</span> <span class='ocrx_word' id='word_1_601' title='bbox 1637 2628 1804 2660; x_wconf 86' lang='lat' dir='ltr'>sentando</span> <span class='ocrx_word' id='word_1_602' title='bbox 1839 2628 1869 2658; x_wconf 89' lang='lat' dir='ltr'>el</span> <span class='ocrx_word' id='word_1_603' title='bbox 1906 2637 1976 2657; x_wconf 88' lang='lat' dir='ltr'>ma-</span> 
     </span>
     <span class='ocr_line' id='line_1_103' title="bbox 1137 2679 1975 2727; baseline -0.006 -12"><span class='ocrx_word' id='word_1_604' title='bbox 1137 2685 1263 2727; x_wconf 76' lang='lat' dir='ltr'>gnifico</span> <span class='ocrx_word' id='word_1_605' title='bbox 1294 2684 1411 2726; x_wconf 85' lang='lat' dir='ltr'>signor</span> <span class='ocrx_word' id='word_1_606' title='bbox 1434 2683 1558 2713; x_wconf 82' lang='lat' dir='ltr'>mesier</span> <span class='ocrx_word' id='word_1_607' title='bbox 1589 2683 1784 2713; x_wconf 87' lang='lat' dir='ltr'>Francesco</span> <span class='ocrx_word' id='word_1_608' title='bbox 1817 2681 1860 2711; x_wconf 86' lang='lat' dir='ltr'>da</span> <span class='ocrx_word' id='word_1_609' title='bbox 1890 2679 1975 2711; x_wconf 81' lang='lat' dir='ltr'>Car-</span> 
     </span>
     <span class='ocr_line' id='line_1_104' title="bbox 1136 2732 1975 2778; baseline -0.008 -9"><span class='ocrx_word' id='word_1_610' title='bbox 1136 2749 1223 2775; x_wconf 90' lang='lat' dir='ltr'>rara,</span> <span class='ocrx_word' id='word_1_611' title='bbox 1260 2738 1291 2768; x_wconf 90' lang='lat' dir='ltr'>el</span> <span class='ocrx_word' id='word_1_612' title='bbox 1322 2737 1402 2778; x_wconf 87' lang='lat' dir='ltr'>qual</span> <span class='ocrx_word' id='word_1_613' title='bbox 1434 2741 1588 2767; x_wconf 85' lang='lat' dir='ltr'>tractava</span> <span class='ocrx_word' id='word_1_614' title='bbox 1619 2734 1629 2764; x_wconf 90' lang='lat' dir='ltr'>i</span> <span class='ocrx_word' id='word_1_615' title='bbox 1660 2733 1745 2765; x_wconf 75' lang='lat' dir='ltr'>facti</span> <span class='ocrx_word' id='word_1_616' title='bbox 1771 2733 1804 2764; x_wconf 83' lang='lat' dir='ltr'>di</span> <span class='ocrx_word' id='word_1_617' title='bbox 1834 2732 1975 2764; x_wconf 86' lang='lat' dir='ltr'>Fioren-</span> 
     </span>
     <span class='ocr_line' id='line_1_105' title="bbox 1138 2785 1972 2828; baseline -0.007 -7"><span class='ocrx_word' id='word_1_618' title='bbox 1138 2791 1199 2822; x_wconf 84' lang='lat' dir='ltr'>tini</span> <span class='ocrx_word' id='word_1_619' title='bbox 1232 2800 1330 2822; x_wconf 90' lang='lat' dir='ltr'>como</span> <span class='ocrx_word' id='word_1_620' title='bbox 1363 2789 1372 2819; x_wconf 89' lang='lat' dir='ltr'>i</span> <span class='ocrx_word' id='word_1_621' title='bbox 1404 2799 1441 2819; x_wconf 89' lang='lat' dir='ltr'>so</span> <span class='ocrx_word' id='word_1_622' title='bbox 1473 2787 1614 2828; x_wconf 85' lang='lat' dir='ltr'>proprii,</span> <span class='ocrx_word' id='word_1_623' title='bbox 1642 2786 1754 2818; x_wconf 86' lang='lat' dir='ltr'>subito</span> <span class='ocrx_word' id='word_1_624' title='bbox 1788 2785 1894 2826; x_wconf 72' lang='lat' dir='ltr'>penso</span> <span class='ocrx_word' id='word_1_625' title='bbox 1929 2786 1972 2816; x_wconf 88' lang='lat' dir='ltr'>de</span> 
     </span>
     <span class='ocr_line' id='line_1_106' title="bbox 1137 2838 1973 2885; baseline -0.008 -11"><span class='ocrx_word' id='word_1_626' title='bbox 1137 2843 1305 2885; x_wconf 83' lang='lat' dir='ltr'>proveder</span> <span class='ocrx_word' id='word_1_627' title='bbox 1329 2853 1348 2873; x_wconf 86' lang='lat' dir='ltr'>a</span> <span class='ocrx_word' id='word_1_628' title='bbox 1379 2847 1512 2883; x_wconf 83' lang='lat' dir='ltr'>questo,</span> <span class='ocrx_word' id='word_1_629' title='bbox 1545 2846 1579 2871; x_wconf 92' lang='lat' dir='ltr'>et</span> <span class='ocrx_word' id='word_1_630' title='bbox 1611 2839 1654 2871; x_wconf 77' lang='lat' dir='ltr'>fe&#39;</span> <span class='ocrx_word' id='word_1_631' title='bbox 1685 2849 1804 2870; x_wconf 84' lang='lat' dir='ltr'>asaver</span> <span class='ocrx_word' id='word_1_632' title='bbox 1829 2848 1848 2868; x_wconf 84' lang='lat' dir='ltr'>a</span> <span class='ocrx_word' id='word_1_633' title='bbox 1875 2838 1973 2879; x_wconf 85' lang='lat' dir='ltr'>quilli</span> 
     </span>
    </p>
   </div>
  </div>
 </body>
</html>
