<?xml version="1.0" encoding="UTF-8"?>
<!DOCTYPE html PUBLIC "-//W3C//DTD XHTML 1.0 Transitional//EN"
    "http://www.w3.org/TR/xhtml1/DTD/xhtml1-transitional.dtd">
<html xmlns="http://www.w3.org/1999/xhtml" xml:lang="en" lang="en">
 <head>
  <title>
</title>
<meta http-equiv="Content-Type" content="text/html;charset=utf-8" />
  <meta name='ocr-system' content='tesseract 3.04.00' />
  <meta name='ocr-capabilities' content='ocr_page ocr_carea ocr_par ocr_line ocrx_word'/>
</head>
<body>
  <div class='ocr_page' id='page_1' title='image "./p1f11rerumitalica17murauoft_0097.png"; bbox 0 0 2422 3684; ppageno 0'>
   <div class='ocr_carea' id='block_1_1' title="bbox 514 213 1994 253">
    <p class='ocr_par' dir='ltr' id='par_1_1' title="bbox 514 213 1994 253">
     <span class='ocr_line' id='line_1_1' title="bbox 514 213 1994 253; baseline 0.001 -4"><span class='ocrx_word' id='word_1_1' title='bbox 514 214 685 250; x_wconf 86' lang='lat' dir='ltr'>GESTA</span> <span class='ocrx_word' id='word_1_2' title='bbox 714 214 1015 250; x_wconf 84' lang='lat' dir='ltr'><strong>MAGNIFICA</strong></span> <span class='ocrx_word' id='word_1_3' title='bbox 1044 214 1227 250; x_wconf 89' lang='lat' dir='ltr'>DOMUS</span> <span class='ocrx_word' id='word_1_4' title='bbox 1255 213 1646 250; x_wconf 85' lang='lat' dir='ltr'>CARRARIENSIS</span> <span class='ocrx_word' id='word_1_5' title='bbox 1949 214 1994 253; x_wconf 84' lang='lat'>27</span> 
     </span>
    </p>
   </div>
   <div class='ocr_carea' id='block_1_2' title="bbox 167 346 1998 496">
    <p class='ocr_par' dir='ltr' id='par_1_2' title="bbox 167 346 1998 496">
     <span class='ocr_line' id='line_1_2' title="bbox 169 346 1997 389; baseline -0.002 -9"><span class='ocrx_word' id='word_1_6' title='bbox 169 348 290 389; x_wconf 89' lang='lat' dir='ltr'>potuit,</span> <span class='ocrx_word' id='word_1_7' title='bbox 314 359 392 380; x_wconf 86' lang='lat' dir='ltr'>curn</span> <span class='ocrx_word' id='word_1_8' title='bbox 418 347 576 379; x_wconf 82' lang='lat' dir='ltr'>dominus</span> <span class='ocrx_word' id='word_1_9' title='bbox 599 347 789 379; x_wconf 83' lang='lat' dir='ltr'>Ubertinus</span> <span class='ocrx_word' id='word_1_10' title='bbox 810 355 893 380; x_wconf 90' lang='lat' dir='ltr'>tunc</span> <span class='ocrx_word' id='word_1_11' title='bbox 923 348 958 379; x_wconf 87' lang='lat' dir='ltr'>in</span> <span class='ocrx_word' id='word_1_12' title='bbox 982 347 1073 380; x_wconf 91' lang='lat' dir='ltr'>lecto</span> <span class='ocrx_word' id='word_1_13' title='bbox 1096 348 1226 379; x_wconf 87' lang='lat' dir='ltr'>iaceret</span> <span class='ocrx_word' id='word_1_14' title='bbox 1250 347 1409 379; x_wconf 81' lang='lat' dir='ltr'>infirmus.</span> <span class='ocrx_word' id='word_1_15' title='bbox 1456 346 1538 378; x_wconf 88' lang='lat' dir='ltr'>Post</span> <span class='ocrx_word' id='word_1_16' title='bbox 1557 357 1639 378; x_wconf 81' lang='lat' dir='ltr'>vero</span> <span class='ocrx_word' id='word_1_17' title='bbox 1664 357 1793 387; x_wconf 81' lang='lat' dir='ltr'>paucos</span> <span class='ocrx_word' id='word_1_18' title='bbox 1810 347 1895 384; x_wconf 86' lang='lat' dir='ltr'>dies,</span> <span class='ocrx_word' id='word_1_19' title='bbox 1921 356 1997 377; x_wconf 91' lang='lat' dir='ltr'>cum</span> 
     </span>
     <span class='ocr_line' id='line_1_3' title="bbox 167 399 1995 443; baseline -0.002 -11"><span class='ocrx_word' id='word_1_20' title='bbox 167 402 234 433; x_wconf 85' lang='lat' dir='ltr'>iam</span> <span class='ocrx_word' id='word_1_21' title='bbox 259 401 439 434; x_wconf 82' lang='lat' dir='ltr'>familiaris</span> <span class='ocrx_word' id='word_1_22' title='bbox 470 401 544 442; x_wconf 83' lang='lat' dir='ltr'>ipse</span> <span class='ocrx_word' id='word_1_23' title='bbox 577 401 766 433; x_wconf 74' lang='lat' dir='ltr'>formidare</span> <span class='ocrx_word' id='word_1_24' title='bbox 791 402 948 443; x_wconf 79' lang='lat' dir='ltr'>cepisset,</span> <span class='ocrx_word' id='word_1_25' title='bbox 973 407 1102 433; x_wconf 84' lang='lat' dir='ltr'>mutato</span> <span class='ocrx_word' id='word_1_26' title='bbox 1126 401 1317 442; x_wconf 81' lang='lat' dir='ltr'>proposito,</span> <span class='ocrx_word' id='word_1_27' title='bbox 1342 400 1466 437; x_wconf 86' lang='lat' dir='ltr'>omnia,</span> <span class='ocrx_word' id='word_1_28' title='bbox 1491 406 1675 442; x_wconf 88' lang='lat' dir='ltr'>utcumque</span> <span class='ocrx_word' id='word_1_29' title='bbox 1701 406 1809 437; x_wconf 80' lang='lat' dir='ltr'>erant,</span> <span class='ocrx_word' id='word_1_30' title='bbox 1838 399 1995 440; x_wconf 86' lang='lat' dir='ltr'>propala-</span> 
     </span>
     <span class='ocr_line' id='line_1_4' title="bbox 168 453 1998 496; baseline -0.001 -10"><span class='ocrx_word' id='word_1_31' title='bbox 168 455 225 486; x_wconf 88' lang='lat' dir='ltr'>vit.</span> <span class='ocrx_word' id='word_1_32' title='bbox 273 455 430 487; x_wconf 88' lang='lat' dir='ltr'>Mictitur</span> <span class='ocrx_word' id='word_1_33' title='bbox 456 460 538 487; x_wconf 90' lang='lat' dir='ltr'>tunc</span> <span class='ocrx_word' id='word_1_34' title='bbox 562 465 624 496; x_wconf 92' lang='lat' dir='ltr'>per</span> <span class='ocrx_word' id='word_1_35' title='bbox 647 455 822 486; x_wconf 86' lang='lat' dir='ltr'>dominum</span> <span class='ocrx_word' id='word_1_36' title='bbox 846 455 1051 487; x_wconf 86' lang='lat' dir='ltr'>Ubertinum</span> <span class='ocrx_word' id='word_1_37' title='bbox 1075 455 1255 486; x_wconf 81' lang='lat' dir='ltr'>familiaris</span> <span class='ocrx_word' id='word_1_38' title='bbox 1279 455 1351 495; x_wconf 80' lang='lat' dir='ltr'>ipse</span> <span class='ocrx_word' id='word_1_39' title='bbox 1376 454 1515 486; x_wconf 85' lang='lat' dir='ltr'>domino</span> <span class='ocrx_word' id='word_1_40' title='bbox 1541 453 1631 487; x_wconf 84' lang='lat' dir='ltr'>duci.</span> <span class='ocrx_word' id='word_1_41' title='bbox 1651 454 1719 494; x_wconf 74' lang='lat' dir='ltr'>qui,</span> <span class='ocrx_word' id='word_1_42' title='bbox 1737 453 1888 484; x_wconf 80' lang='lat' dir='ltr'>veritatis</span> <span class='ocrx_word' id='word_1_43' title='bbox 1911 454 1998 484; x_wconf 80' lang='lat' dir='ltr'>serie</span> 
     </span>
    </p>
   </div>
   <div class='ocr_carea' id='block_1_3' title="bbox 127 506 1998 598">
    <p class='ocr_par' dir='ltr' id='par_1_3' title="bbox 127 506 1998 598">
     <span class='ocr_line' id='line_1_5' title="bbox 169 506 1998 551; baseline -0.002 -11"><span class='ocrx_word' id='word_1_44' title='bbox 169 508 387 551; x_wconf 81' lang='lat' dir='ltr'>percognita,</span> <span class='ocrx_word' id='word_1_45' title='bbox 411 508 623 540; x_wconf 83' lang='lat' dir='ltr'><strong>Vitalianum</strong></span> <span class='ocrx_word' id='word_1_46' title='bbox 649 509 759 540; x_wconf 88' lang='lat' dir='ltr'>Dente</span> <span class='ocrx_word' id='word_1_47' title='bbox 784 509 827 540; x_wconf 87' lang='lat' dir='ltr'>de</span> <span class='ocrx_word' id='word_1_48' title='bbox 853 509 1017 541; x_wconf 84' lang='lat' dir='ltr'>Veneciis</span> <span class='ocrx_word' id='word_1_49' title='bbox 1048 508 1181 540; x_wconf 89' lang='lat' dir='ltr'>banniri</span> <span class='ocrx_word' id='word_1_50' title='bbox 1213 508 1308 545; x_wconf 84' lang='lat' dir='ltr'>fecit,</span> <span class='ocrx_word' id='word_1_51' title='bbox 1333 507 1432 538; x_wconf 87' lang='lat' dir='ltr'>bonis</span> <span class='ocrx_word' id='word_1_52' title='bbox 1464 507 1570 548; x_wconf 87' lang='lat' dir='ltr'>ipsius</span> <span class='ocrx_word' id='word_1_53' title='bbox 1602 506 1808 538; x_wconf 84' lang='lat' dir='ltr'>confiscatis.</span> <span class='ocrx_word' id='word_1_54' title='bbox 1853 506 1898 537; x_wconf 93' lang='lat' dir='ltr'>Et</span> <span class='ocrx_word' id='word_1_55' title='bbox 1921 517 1998 547; x_wconf 87' lang='lat' dir='ltr'>pre-</span> 
     </span>
     <span class='ocr_line' id='line_1_6' title="bbox 127 560 979 598; baseline 0.001 -6"><span class='ocrx_word' id='word_1_56' title='bbox 127 560 145 592; x_wconf 90' lang='grc'>5</span> <span class='ocrx_word' id='word_1_57' title='bbox 170 562 264 593; x_wconf 89' lang='lat' dir='ltr'>dicta</span> <span class='ocrx_word' id='word_1_58' title='bbox 288 561 385 594; x_wconf 83' lang='lat' dir='ltr'>fuere</span> <span class='ocrx_word' id='word_1_59' title='bbox 411 562 532 593; x_wconf 85' lang='lat' dir='ltr'>eodem</span> <span class='ocrx_word' id='word_1_60' title='bbox 558 571 660 598; x_wconf 88' lang='lat' dir='ltr'>anno,</span> <span class='ocrx_word' id='word_1_61' title='bbox 685 562 727 592; x_wconf 87' lang='lat' dir='ltr'>de</span> <span class='ocrx_word' id='word_1_62' title='bbox 753 572 869 593; x_wconf 84' lang='lat' dir='ltr'>mense</span> <span class='ocrx_word' id='word_1_63' title='bbox 894 562 979 594; x_wconf 87' lang='lat' dir='ltr'>iulii.</span> 
     </span>
    </p>
   </div>
   <div class='ocr_carea' id='block_1_4' title="bbox 166 656 2000 753">
    <p class='ocr_par' dir='ltr' id='par_1_4' title="bbox 166 656 2000 753">
     <span class='ocr_line' id='line_1_7' title="bbox 253 656 2000 701; baseline -0.002 -11"><span class='ocrx_word' id='word_1_64' title='bbox 253 658 304 693; x_wconf 79' lang='lat'>67.</span> <span class='ocrx_word' id='word_1_65' title='bbox 329 657 428 699; x_wconf 83' lang='lat' dir='ltr'>[17l].</span> <span class='ocrx_word' id='word_1_66' title='bbox 460 676 493 681; x_wconf 90' lang='lat'>—</span> <span class='ocrx_word' id='word_1_67' title='bbox 519 657 677 700; x_wconf 88' lang='lat' dir='ltr'>[E]odem</span> <span class='ocrx_word' id='word_1_68' title='bbox 703 669 793 690; x_wconf 88' lang='lat' dir='ltr'>anno</span> <span class='ocrx_word' id='word_1_69' title='bbox 818 666 852 691; x_wconf 86' lang='lat' dir='ltr'>et</span> <span class='ocrx_word' id='word_1_70' title='bbox 876 669 992 690; x_wconf 89' lang='lat' dir='ltr'>mense</span> <span class='ocrx_word' id='word_1_71' title='bbox 1017 659 1221 701; x_wconf 79' lang='lat' dir='ltr'>magnificus</span> <span class='ocrx_word' id='word_1_72' title='bbox 1238 658 1397 690; x_wconf 85' lang='lat' dir='ltr'>dominus</span> <span class='ocrx_word' id='word_1_73' title='bbox 1415 657 1604 690; x_wconf 88' lang='lat' dir='ltr'>Ubertinus</span> <span class='ocrx_word' id='word_1_74' title='bbox 1627 656 1791 688; x_wconf 88' lang='lat' dir='ltr'>Iacobum</span> <span class='ocrx_word' id='word_1_75' title='bbox 1816 661 1849 687; x_wconf 88' lang='lat' dir='ltr'>et</span> <span class='ocrx_word' id='word_1_76' title='bbox 1866 656 2000 687; x_wconf 85' lang='lat' dir='ltr'>Iacobi-</span> 
     </span>
     <span class='ocr_line' id='line_1_8' title="bbox 166 710 1717 753; baseline -0.003 -9"><span class='ocrx_word' id='word_1_77' title='bbox 166 723 247 744; x_wconf 87' lang='lat' dir='ltr'>num</span> <span class='ocrx_word' id='word_1_78' title='bbox 272 713 398 743; x_wconf 79' lang='lat' dir='ltr'>fratres</span> <span class='ocrx_word' id='word_1_79' title='bbox 414 711 434 749; x_wconf 85' lang='lat'>¹,</span> <span class='ocrx_word' id='word_1_80' title='bbox 458 711 545 742; x_wconf 87' lang='lat' dir='ltr'>filios</span> <span class='ocrx_word' id='word_1_81' title='bbox 569 712 742 753; x_wconf 76' lang='lat' dir='ltr'>magnifici</span> <span class='ocrx_word' id='word_1_82' title='bbox 768 712 900 743; x_wconf 90' lang='lat' dir='ltr'>domini</span> <span class='ocrx_word' id='word_1_83' title='bbox 926 712 1065 744; x_wconf 82' lang='lat' dir='ltr'>Nicolai</span> <span class='ocrx_word' id='word_1_84' title='bbox 1090 713 1133 744; x_wconf 90' lang='lat' dir='ltr'>de</span> <span class='ocrx_word' id='word_1_85' title='bbox 1157 712 1328 749; x_wconf 85' lang='lat' dir='ltr'>Carraria,</span> <span class='ocrx_word' id='word_1_86' title='bbox 1354 711 1506 743; x_wconf 80' lang='lat' dir='ltr'><strong>Paduam</strong></span> <span class='ocrx_word' id='word_1_87' title='bbox 1531 710 1717 742; x_wconf 86' lang='lat' dir='ltr'>revocavit.</span> 
     </span>
    </p>
   </div>
   <div class='ocr_carea' id='block_1_5' title="bbox 107 815 2006 1553">
    <p class='ocr_par' dir='ltr' id='par_1_5' title="bbox 107 815 2006 1553">
     <span class='ocr_line' id='line_1_9' title="bbox 256 815 2001 859; baseline -0.003 -9"><span class='ocrx_word' id='word_1_88' title='bbox 256 819 307 851; x_wconf 82' lang='lat'>68.</span> <span class='ocrx_word' id='word_1_89' title='bbox 333 818 433 859; x_wconf 71' lang='lat' dir='ltr'>[¹72l·</span> <span class='ocrx_word' id='word_1_90' title='bbox 462 835 506 840; x_wconf 82' lang='lat'>—</span> <span class='ocrx_word' id='word_1_91' title='bbox 534 818 769 859; x_wconf 71' lang='lat' dir='ltr'>[M]agnificus</span> <span class='ocrx_word' id='word_1_92' title='bbox 800 819 959 850; x_wconf 84' lang='lat' dir='ltr'>dominus</span> <span class='ocrx_word' id='word_1_93' title='bbox 983 818 1172 850; x_wconf 88' lang='lat' dir='ltr'>Ubertinus</span> <span class='ocrx_word' id='word_1_94' title='bbox 1204 820 1246 851; x_wconf 87' lang='lat' dir='ltr'>de</span> <span class='ocrx_word' id='word_1_95' title='bbox 1271 819 1442 856; x_wconf 85' lang='lat' dir='ltr'>Carraria,</span> <span class='ocrx_word' id='word_1_96' title='bbox 1474 818 1619 858; x_wconf 85' lang='lat' dir='ltr'>cupiens</span> <span class='ocrx_word' id='word_1_97' title='bbox 1642 817 1712 848; x_wconf 87' lang='lat' dir='ltr'>voti</span> <span class='ocrx_word' id='word_1_98' title='bbox 1738 815 1788 847; x_wconf 86' lang='lat' dir='ltr'>sui</span> <span class='ocrx_word' id='word_1_99' title='bbox 1813 825 1907 857; x_wconf 88' lang='lat' dir='ltr'>spem</span> <span class='ocrx_word' id='word_1_100' title='bbox 1941 815 2001 845; x_wconf 92' lang='lat' dir='ltr'>ad-</span> 
     </span>
     <span class='ocr_line' id='line_1_10' title="bbox 168 869 2002 913; baseline -0.002 -11"><span class='ocrx_word' id='word_1_101' title='bbox 168 872 313 913; x_wconf 88' lang='lat' dir='ltr'>implere</span> <span class='ocrx_word' id='word_1_102' title='bbox 326 871 349 909; x_wconf 83' lang='lat'>²,</span> <span class='ocrx_word' id='word_1_103' title='bbox 373 872 505 903; x_wconf 88' lang='lat' dir='ltr'>scilicet</span> <span class='ocrx_word' id='word_1_104' title='bbox 539 871 741 903; x_wconf 85' lang='lat' dir='ltr'>Vicenciam</span> <span class='ocrx_word' id='word_1_105' title='bbox 774 873 947 911; x_wconf 78' lang='lat' dir='ltr'>surripere</span> <span class='ocrx_word' id='word_1_106' title='bbox 972 874 1014 903; x_wconf 85' lang='lat' dir='ltr'>de</span> <span class='ocrx_word' id='word_1_107' title='bbox 1044 872 1197 904; x_wconf 87' lang='lat' dir='ltr'>dominio</span> <span class='ocrx_word' id='word_1_108' title='bbox 1230 872 1367 903; x_wconf 90' lang='lat' dir='ltr'>illorum</span> <span class='ocrx_word' id='word_1_109' title='bbox 1393 871 1471 904; x_wconf 88' lang='lat' dir='ltr'>dela</span> <span class='ocrx_word' id='word_1_110' title='bbox 1504 871 1618 910; x_wconf 81' lang='lat' dir='ltr'>Scala,</span> <span class='ocrx_word' id='word_1_111' title='bbox 1643 871 1697 901; x_wconf 87' lang='lat' dir='ltr'>die</span> <span class='ocrx_word' id='word_1_112' title='bbox 1731 869 1897 901; x_wconf 88' lang='lat' dir='ltr'>olivarum</span> <span class='ocrx_word' id='word_1_113' title='bbox 1921 877 2002 899; x_wconf 81' lang='lat' dir='ltr'>vnn</span> 
     </span>
     <span class='ocr_line' id='line_1_11' title="bbox 110 923 2001 966; baseline -0.003 -10"><span class='ocrx_word' id='word_1_114' title='bbox 110 924 147 956; x_wconf 91' lang='lat'>10</span> <span class='ocrx_word' id='word_1_115' title='bbox 172 925 302 965; x_wconf 84' lang='lat' dir='ltr'>aprilis,</span> <span class='ocrx_word' id='word_1_116' title='bbox 326 925 360 956; x_wconf 89' lang='lat' dir='ltr'>in</span> <span class='ocrx_word' id='word_1_117' title='bbox 385 923 613 961; x_wconf 87' lang='lat' dir='ltr'>MCCCXL1‚</span> <span class='ocrx_word' id='word_1_118' title='bbox 637 925 894 957; x_wconf 84' lang='lat' dir='ltr'>Lendenariam</span> <span class='ocrx_word' id='word_1_119' title='bbox 918 925 1094 966; x_wconf 78' lang='lat' dir='ltr'>equitavit,</span> <span class='ocrx_word' id='word_1_120' title='bbox 1119 925 1176 956; x_wconf 87' lang='lat' dir='ltr'>ubi</span> <span class='ocrx_word' id='word_1_121' title='bbox 1202 925 1298 957; x_wconf 81' lang='lat' dir='ltr'>simul</span> <span class='ocrx_word' id='word_1_122' title='bbox 1324 931 1458 957; x_wconf 86' lang='lat' dir='ltr'>secrete</span> <span class='ocrx_word' id='word_1_123' title='bbox 1491 925 1526 955; x_wconf 87' lang='lat' dir='ltr'>in</span> <span class='ocrx_word' id='word_1_124' title='bbox 1558 923 1733 965; x_wconf 86' lang='lat' dir='ltr'>colloquio</span> <span class='ocrx_word' id='word_1_125' title='bbox 1766 927 2001 953; x_wconf 88' lang='lat' dir='ltr'>convenerunt</span> 
     </span>
     <span class='ocr_line' id='line_1_12' title="bbox 170 975 2000 1019; baseline -0.001 -11"><span class='ocrx_word' id='word_1_126' title='bbox 170 978 244 1019; x_wconf 86' lang='lat' dir='ltr'>ipse</span> <span class='ocrx_word' id='word_1_127' title='bbox 268 979 427 1010; x_wconf 87' lang='lat' dir='ltr'>dominus</span> <span class='ocrx_word' id='word_1_128' title='bbox 450 977 648 1015; x_wconf 83' lang='lat' dir='ltr'>Ubertinus,</span> <span class='ocrx_word' id='word_1_129' title='bbox 673 979 817 1009; x_wconf 78' lang='lat' dir='ltr'>estensis</span> <span class='ocrx_word' id='word_1_130' title='bbox 842 979 1008 1016; x_wconf 86' lang='lat' dir='ltr'>marchio,</span> <span class='ocrx_word' id='word_1_131' title='bbox 1033 979 1193 1010; x_wconf 84' lang='lat' dir='ltr'>dominus</span> <span class='ocrx_word' id='word_1_132' title='bbox 1217 979 1374 1010; x_wconf 82' lang='lat' dir='ltr'>Bononie</span> <span class='ocrx_word' id='word_1_133' title='bbox 1398 984 1432 1009; x_wconf 86' lang='lat' dir='ltr'>et</span> <span class='ocrx_word' id='word_1_134' title='bbox 1454 977 1705 1009; x_wconf 85' lang='lat' dir='ltr'>ambaxiatores</span> <span class='ocrx_word' id='word_1_135' title='bbox 1735 976 1891 1007; x_wconf 86' lang='lat' dir='ltr'>comunis</span> <span class='ocrx_word' id='word_1_136' title='bbox 1923 975 2000 1006; x_wconf 87' lang='lat' dir='ltr'>Flo-</span> 
     </span>
     <span class='ocr_line' id='line_1_13' title="bbox 167 1028 1999 1073; baseline -0.002 -12"><span class='ocrx_word' id='word_1_137' title='bbox 167 1031 288 1068; x_wconf 88' lang='lat' dir='ltr'>rentie,</span> <span class='ocrx_word' id='word_1_138' title='bbox 305 1042 366 1073; x_wconf 90' lang='lat' dir='ltr'>per</span> <span class='ocrx_word' id='word_1_139' title='bbox 389 1041 475 1073; x_wconf 79' lang='lat' dir='ltr'>quos</span> <span class='ocrx_word' id='word_1_140' title='bbox 500 1032 563 1062; x_wconf 81' lang='lat' dir='ltr'>fuit</span> <span class='ocrx_word' id='word_1_141' title='bbox 581 1032 728 1063; x_wconf 81' lang='lat' dir='ltr'>societas</span> <span class='ocrx_word' id='word_1_142' title='bbox 747 1032 878 1062; x_wconf 82' lang='lat' dir='ltr'>firmata</span> <span class='ocrx_word' id='word_1_143' title='bbox 896 1038 928 1063; x_wconf 86' lang='lat' dir='ltr'>et</span> <span class='ocrx_word' id='word_1_144' title='bbox 944 1033 1053 1063; x_wconf 86' lang='lat' dir='ltr'>iurata</span> <span class='ocrx_word' id='word_1_145' title='bbox 1073 1038 1194 1063; x_wconf 87' lang='lat' dir='ltr'>contra</span> <span class='ocrx_word' id='word_1_146' title='bbox 1219 1032 1376 1063; x_wconf 83' lang='lat' dir='ltr'>dominos</span> <span class='ocrx_word' id='word_1_147' title='bbox 1394 1032 1474 1063; x_wconf 83' lang='lat' dir='ltr'>dela</span> <span class='ocrx_word' id='word_1_148' title='bbox 1492 1031 1605 1063; x_wconf 85' lang='lat' dir='ltr'>Scala.</span> <span class='ocrx_word' id='word_1_149' title='bbox 1637 1030 1697 1062; x_wconf 86' lang='lat' dir='ltr'>Set</span> <span class='ocrx_word' id='word_1_150' title='bbox 1712 1029 1850 1061; x_wconf 79' lang='lat' dir='ltr'>interim</span> <span class='ocrx_word' id='word_1_151' title='bbox 1869 1028 1999 1059; x_wconf 88' lang='lat' dir='ltr'>domini</span> 
     </span>
     <span class='ocr_line' id='line_1_14' title="bbox 168 1082 2003 1127; baseline -0.002 -11"><span class='ocrx_word' id='word_1_152' title='bbox 168 1085 347 1117; x_wconf 88' lang='lat' dir='ltr'>Luchinus</span> <span class='ocrx_word' id='word_1_153' title='bbox 369 1086 578 1117; x_wconf 82' lang='lat' dir='ltr'>vicecomes</span> <span class='ocrx_word' id='word_1_154' title='bbox 602 1085 807 1125; x_wconf 79' lang='lat' dir='ltr'>Mediolani,</span> <span class='ocrx_word' id='word_1_155' title='bbox 833 1086 1002 1117; x_wconf 86' lang='lat' dir='ltr'>Mastinus</span> <span class='ocrx_word' id='word_1_156' title='bbox 1026 1087 1103 1118; x_wconf 85' lang='lat' dir='ltr'>dela</span> <span class='ocrx_word' id='word_1_157' title='bbox 1122 1086 1223 1117; x_wconf 87' lang='lat' dir='ltr'>Scala</span> <span class='ocrx_word' id='word_1_158' title='bbox 1241 1093 1276 1118; x_wconf 77' lang='lat' dir='ltr'>et</span> <span class='ocrx_word' id='word_1_159' title='bbox 1292 1086 1492 1118; x_wconf 83' lang='lat' dir='ltr'>Lodovicus</span> <span class='ocrx_word' id='word_1_160' title='bbox 1509 1086 1551 1117; x_wconf 90' lang='lat' dir='ltr'>de</span> <span class='ocrx_word' id='word_1_161' title='bbox 1569 1085 1735 1127; x_wconf 77' lang='lat' dir='ltr'>Goncaga</span> <span class='ocrx_word' id='word_1_162' title='bbox 1752 1089 1872 1115; x_wconf 88' lang='lat' dir='ltr'>contra</span> <span class='ocrx_word' id='word_1_163' title='bbox 1889 1082 2003 1113; x_wconf 87' lang='lat' dir='ltr'>Bono-</span> 
     </span>
     <span class='ocr_line' id='line_1_15' title="bbox 168 1134 2004 1180; baseline -0.002 -11"><span class='ocrx_word' id='word_1_164' title='bbox 168 1138 257 1169; x_wconf 85' lang='lat' dir='ltr'>niam</span> <span class='ocrx_word' id='word_1_165' title='bbox 283 1139 474 1171; x_wconf 71' lang='lat' dir='ltr'>exercitum</span> <span class='ocrx_word' id='word_1_166' title='bbox 499 1139 678 1180; x_wconf 87' lang='lat' dir='ltr'>parabant.</span> <span class='ocrx_word' id='word_1_167' title='bbox 719 1138 786 1176; x_wconf 82' lang='lat' dir='ltr'>Qui</span> <span class='ocrx_word' id='word_1_168' title='bbox 814 1149 931 1170; x_wconf 67' lang='lat' dir='ltr'>omnes</span> <span class='ocrx_word' id='word_1_169' title='bbox 957 1150 1033 1170; x_wconf 85' lang='lat' dir='ltr'>cum</span> <span class='ocrx_word' id='word_1_170' title='bbox 1059 1139 1219 1180; x_wconf 63' lang='lat' dir='ltr'>gentibus</span> <span class='ocrx_word' id='word_1_171' title='bbox 1243 1139 1311 1170; x_wconf 77' lang='lat' dir='ltr'>suis</span> <span class='ocrx_word' id='word_1_172' title='bbox 1336 1139 1493 1170; x_wconf 86' lang='lat' dir='ltr'>Parmam</span> <span class='ocrx_word' id='word_1_173' title='bbox 1511 1141 1762 1173; x_wconf 80' lang='lat' dir='ltr'>convenerunt,</span> <span class='ocrx_word' id='word_1_174' title='bbox 1779 1135 1837 1167; x_wconf 91' lang='lat' dir='ltr'>ubi</span> <span class='ocrx_word' id='word_1_175' title='bbox 1861 1145 1924 1175; x_wconf 84' lang='lat' dir='ltr'>pro</span> <span class='ocrx_word' id='word_1_176' title='bbox 1944 1134 2004 1165; x_wconf 87' lang='lat' dir='ltr'>do-</span> 
     </span>
     <span class='ocr_line' id='line_1_16' title="bbox 107 1187 2004 1234; baseline -0.002 -12"><span class='ocrx_word' id='word_1_177' title='bbox 107 1190 143 1223; x_wconf 88' lang='lat'>15</span> <span class='ocrx_word' id='word_1_178' title='bbox 167 1192 269 1223; x_wconf 85' lang='lat' dir='ltr'>minis</span> <span class='ocrx_word' id='word_1_179' title='bbox 292 1191 370 1223; x_wconf 88' lang='lat' dir='ltr'>dela</span> <span class='ocrx_word' id='word_1_180' title='bbox 394 1192 496 1224; x_wconf 83' lang='lat' dir='ltr'>Scala</span> <span class='ocrx_word' id='word_1_181' title='bbox 519 1191 687 1234; x_wconf 80' lang='lat' dir='ltr'>regebant</span> <span class='ocrx_word' id='word_1_182' title='bbox 711 1192 837 1223; x_wconf 86' lang='lat' dir='ltr'>domini</span> <span class='ocrx_word' id='word_1_183' title='bbox 863 1193 905 1224; x_wconf 92' lang='lat' dir='ltr'>de</span> <span class='ocrx_word' id='word_1_184' title='bbox 924 1193 1092 1233; x_wconf 68' lang='lat' dir='ltr'>Coi-rigia.</span> <span class='ocrx_word' id='word_1_185' title='bbox 1138 1192 1402 1234; x_wconf 67' lang='lat' dir='ltr'>Hengelmarius</span> <span class='ocrx_word' id='word_1_186' title='bbox 1426 1201 1508 1222; x_wconf 88' lang='lat' dir='ltr'>vero</span> <span class='ocrx_word' id='word_1_187' title='bbox 1533 1192 1575 1223; x_wconf 86' lang='lat' dir='ltr'>de</span> <span class='ocrx_word' id='word_1_188' title='bbox 1589 1190 1800 1229; x_wconf 84' lang='lat' dir='ltr'>Villandres‚</span> <span class='ocrx_word' id='word_1_189' title='bbox 1818 1187 2004 1229; x_wconf 85' lang='lat' dir='ltr'>requisitus</span> 
     </span>
     <span class='ocr_line' id='line_1_17' title="bbox 168 1241 2003 1287; baseline -0.002 -12"><span class='ocrx_word' id='word_1_190' title='bbox 168 1254 231 1286; x_wconf 89' lang='lat' dir='ltr'>per</span> <span class='ocrx_word' id='word_1_191' title='bbox 255 1245 429 1277; x_wconf 81' lang='lat' dir='ltr'>dominum</span> <span class='ocrx_word' id='word_1_192' title='bbox 454 1244 671 1286; x_wconf 77' lang='lat' dir='ltr'>Ubertinum⁷</span> <span class='ocrx_word' id='word_1_193' title='bbox 689 1256 766 1276; x_wconf 83' lang='lat' dir='ltr'>cum</span> <span class='ocrx_word' id='word_1_194' title='bbox 784 1245 1013 1287; x_wconf 67' lang='lat' dir='ltr'>septingentis</span> <span class='ocrx_word' id='word_1_195' title='bbox 1037 1246 1267 1277; x_wconf 83' lang='lat' dir='ltr'>Theotonicis</span> <span class='ocrx_word' id='word_1_196' title='bbox 1291 1245 1438 1286; x_wconf 63' lang='lat' dir='ltr'>galeatis</span> <span class='ocrx_word' id='word_1_197' title='bbox 1455 1255 1534 1275; x_wconf 82' lang='lat' dir='ltr'>mox</span> <span class='ocrx_word' id='word_1_198' title='bbox 1559 1244 1712 1275; x_wconf 80' lang='lat' dir='ltr'>Paduam</span> <span class='ocrx_word' id='word_1_199' title='bbox 1731 1243 1888 1274; x_wconf 75' lang='lat' dir='ltr'>accessit.</span> <span class='ocrx_word' id='word_1_200' title='bbox 1923 1241 2003 1277; x_wconf 91' lang='lat' dir='ltr'>Hic,</span> 
     </span>
     <span class='ocr_line' id='line_1_18' title="bbox 167 1295 2005 1340; baseline -0.003 -10"><span class='ocrx_word' id='word_1_201' title='bbox 167 1308 231 1339; x_wconf 87' lang='lat' dir='ltr'>per</span> <span class='ocrx_word' id='word_1_202' title='bbox 254 1298 447 1330; x_wconf 72' lang='lat' dir='ltr'>Ferrariam</span> <span class='ocrx_word' id='word_1_203' title='bbox 472 1299 652 1336; x_wconf 85' lang='lat' dir='ltr'>transiens,</span> <span class='ocrx_word' id='word_1_204' title='bbox 677 1297 867 1330; x_wconf 74' lang='lat' dir='ltr'>Bononiam</span> <span class='ocrx_word' id='word_1_205' title='bbox 894 1299 1073 1340; x_wconf 73' lang='lat' dir='ltr'>equitavit,</span> <span class='ocrx_word' id='word_1_206' title='bbox 1098 1309 1166 1339; x_wconf 83' lang='lat' dir='ltr'>quo</span> <span class='ocrx_word' id='word_1_207' title='bbox 1191 1299 1246 1330; x_wconf 88' lang='lat' dir='ltr'>die</span> <span class='ocrx_word' id='word_1_208' title='bbox 1273 1309 1339 1329; x_wconf 77' lang='lat' dir='ltr'>xitt</span> <span class='ocrx_word' id='word_1_209' title='bbox 1364 1298 1500 1340; x_wconf 87' lang='lat' dir='ltr'>augusti</span> <span class='ocrx_word' id='word_1_210' title='bbox 1525 1296 1735 1338; x_wconf 86' lang='lat' dir='ltr'>supervenit.</span> <span class='ocrx_word' id='word_1_211' title='bbox 1782 1295 1843 1326; x_wconf 84' lang='lat' dir='ltr'>Set</span> <span class='ocrx_word' id='word_1_212' title='bbox 1867 1305 1943 1326; x_wconf 88' lang='lat' dir='ltr'>cum</span> <span class='ocrx_word' id='word_1_213' title='bbox 1963 1295 2005 1325; x_wconf 89' lang='lat' dir='ltr'>ab</span> 
     </span>
     <span class='ocr_line' id='line_1_19' title="bbox 167 1348 2005 1393; baseline -0.002 -11"><span class='ocrx_word' id='word_1_214' title='bbox 167 1357 312 1393; x_wconf 89' lang='lat' dir='ltr'>utraque</span> <span class='ocrx_word' id='word_1_215' title='bbox 337 1359 434 1393; x_wconf 81' lang='lat' dir='ltr'>parte</span> <span class='ocrx_word' id='word_1_216' title='bbox 458 1353 642 1393; x_wconf 81' lang='lat' dir='ltr'>pugnaturi</span> <span class='ocrx_word' id='word_1_217' title='bbox 662 1352 727 1383; x_wconf 86' lang='lat' dir='ltr'>iarn</span> <span class='ocrx_word' id='word_1_218' title='bbox 745 1352 913 1383; x_wconf 84' lang='lat' dir='ltr'>exercitus</span> <span class='ocrx_word' id='word_1_219' title='bbox 938 1352 1190 1388; x_wconf 76' lang='lat' dir='ltr'>convenissent,</span> <span class='ocrx_word' id='word_1_220' title='bbox 1215 1352 1411 1383; x_wconf 83' lang='lat' dir='ltr'>interventu</span> <span class='ocrx_word' id='word_1_221' title='bbox 1429 1350 1557 1382; x_wconf 89' lang='lat' dir='ltr'>domini</span> <span class='ocrx_word' id='word_1_222' title='bbox 1575 1349 1723 1381; x_wconf 88' lang='lat' dir='ltr'>Luchini</span> <span class='ocrx_word' id='word_1_223' title='bbox 1748 1348 1899 1390; x_wconf 79' lang='lat' dir='ltr'>sequitur</span> <span class='ocrx_word' id='word_1_224' title='bbox 1922 1358 2005 1379; x_wconf 93' lang='lat' dir='ltr'>con-</span> 
     </span>
     <span class='ocr_line' id='line_1_20' title="bbox 171 1401 2006 1447; baseline -0.003 -11"><span class='ocrx_word' id='word_1_225' title='bbox 171 1404 337 1442; x_wconf 88' lang='lat' dir='ltr'>cordium,</span> <span class='ocrx_word' id='word_1_226' title='bbox 363 1404 406 1436; x_wconf 92' lang='lat' dir='ltr'>de</span> <span class='ocrx_word' id='word_1_227' title='bbox 431 1415 500 1447; x_wconf 92' lang='lat' dir='ltr'>quo</span> <span class='ocrx_word' id='word_1_228' title='bbox 524 1405 682 1435; x_wconf 84' lang='lat' dir='ltr'>dominus</span> <span class='ocrx_word' id='word_1_229' title='bbox 706 1405 896 1437; x_wconf 73' lang='lat' dir='ltr'>Ubertinus</span> <span class='ocrx_word' id='word_1_230' title='bbox 916 1415 952 1435; x_wconf 86' lang='lat' dir='ltr'>se</span> <span class='ocrx_word' id='word_1_231' title='bbox 971 1406 1153 1446; x_wconf 84' lang='lat' dir='ltr'>deceptum</span> <span class='ocrx_word' id='word_1_232' title='bbox 1171 1405 1302 1441; x_wconf 77' lang='lat' dir='ltr'>videns,</span> <span class='ocrx_word' id='word_1_233' title='bbox 1319 1405 1456 1445; x_wconf 73' lang='lat' dir='ltr'>penitus</span> <span class='ocrx_word' id='word_1_234' title='bbox 1473 1403 1710 1434; x_wconf 80' lang='lat' dir='ltr'>dissimulavit.</span> <span class='ocrx_word' id='word_1_235' title='bbox 1757 1402 1816 1433; x_wconf 86' lang='lat' dir='ltr'>Sic</span> <span class='ocrx_word' id='word_1_236' title='bbox 1835 1402 1891 1431; x_wconf 84' lang='lat' dir='ltr'>die</span> <span class='ocrx_word' id='word_1_237' title='bbox 1909 1401 2006 1442; x_wconf 68' lang='lat' dir='ltr'>vige-</span> 
     </span>
     <span class='ocr_line' id='line_1_21' title="bbox 110 1455 2003 1501; baseline -0.002 -12"><span class='ocrx_word' id='word_1_238' title='bbox 110 1459 151 1489; x_wconf 90' lang='lat'>20</span> <span class='ocrx_word' id='word_1_239' title='bbox 174 1458 260 1490; x_wconf 88' lang='lat' dir='ltr'>simo</span> <span class='ocrx_word' id='word_1_240' title='bbox 285 1457 394 1500; x_wconf 89' lang='lat' dir='ltr'>primo</span> <span class='ocrx_word' id='word_1_241' title='bbox 418 1458 622 1500; x_wconf 80' lang='lat' dir='ltr'>septembris</span> <span class='ocrx_word' id='word_1_242' title='bbox 645 1458 911 1499; x_wconf 62' lang='lat' dir='ltr'>Hengelmarius</span> <span class='ocrx_word' id='word_1_243' title='bbox 935 1469 1010 1490; x_wconf 88' lang='lat' dir='ltr'>curn</span> <span class='ocrx_word' id='word_1_244' title='bbox 1036 1458 1198 1501; x_wconf 75' lang='lat' dir='ltr'>gentibus</span> <span class='ocrx_word' id='word_1_245' title='bbox 1221 1459 1288 1489; x_wconf 87' lang='lat' dir='ltr'>suis</span> <span class='ocrx_word' id='word_1_246' title='bbox 1313 1458 1467 1488; x_wconf 87' lang='lat' dir='ltr'>Paduam</span> <span class='ocrx_word' id='word_1_247' title='bbox 1492 1456 1699 1499; x_wconf 78' lang='lat' dir='ltr'>regreditur,</span> <span class='ocrx_word' id='word_1_248' title='bbox 1730 1455 1789 1487; x_wconf 91' lang='lat' dir='ltr'>ubi</span> <span class='ocrx_word' id='word_1_249' title='bbox 1814 1466 1832 1486; x_wconf 91' lang='lat' dir='ltr'>a</span> <span class='ocrx_word' id='word_1_250' title='bbox 1865 1455 2003 1486; x_wconf 90' lang='lat' dir='ltr'>domino</span> 
     </span>
     <span class='ocr_line' id='line_1_22' title="bbox 176 1511 1425 1553; baseline -0.002 -9"><span class='ocrx_word' id='word_1_251' title='bbox 176 1511 360 1550; x_wconf 90' lang='lat' dir='ltr'>Ubertino,</span> <span class='ocrx_word' id='word_1_252' title='bbox 383 1512 534 1553; x_wconf 82' lang='lat' dir='ltr'>receptis</span> <span class='ocrx_word' id='word_1_253' title='bbox 558 1512 769 1549; x_wconf 86' lang='lat' dir='ltr'>muneribus,</span> <span class='ocrx_word' id='word_1_254' title='bbox 794 1511 921 1543; x_wconf 89' lang='lat' dir='ltr'>deinde</span> <span class='ocrx_word' id='word_1_255' title='bbox 945 1512 978 1542; x_wconf 88' lang='lat' dir='ltr'>in</span> <span class='ocrx_word' id='word_1_256' title='bbox 1005 1511 1221 1543; x_wconf 80' lang='lat' dir='ltr'>Alemaninm</span> <span class='ocrx_word' id='word_1_257' title='bbox 1248 1511 1425 1553; x_wconf 86' lang='lat' dir='ltr'>equitavit.</span> 
     </span>
    </p>
   </div>
   <div class='ocr_carea' id='block_1_6' title="bbox 173 1615 2010 1767">
    <p class='ocr_par' dir='ltr' id='par_1_6' title="bbox 173 1615 2010 1767">
     <span class='ocr_line' id='line_1_23' title="bbox 257 1615 2004 1659; baseline -0.003 -10"><span class='ocrx_word' id='word_1_258' title='bbox 257 1619 308 1650; x_wconf 79' lang='lat'>69.</span> <span class='ocrx_word' id='word_1_259' title='bbox 334 1617 436 1659; x_wconf 79' lang='lat'><strong>[1731.</strong></span> <span class='ocrx_word' id='word_1_260' title='bbox 462 1638 502 1642; x_wconf 89' lang='lat'>—-</span> <span class='ocrx_word' id='word_1_261' title='bbox 527 1618 685 1658; x_wconf 63' lang='lat' dir='ltr'>[modom</span> <span class='ocrx_word' id='word_1_262' title='bbox 711 1618 903 1655; x_wconf 74' lang='lat' dir='ltr'>millesimo,</span> <span class='ocrx_word' id='word_1_263' title='bbox 927 1617 971 1648; x_wconf 89' lang='lat' dir='ltr'>de</span> <span class='ocrx_word' id='word_1_264' title='bbox 997 1628 1110 1649; x_wconf 85' lang='lat' dir='ltr'>mense</span> <span class='ocrx_word' id='word_1_265' title='bbox 1137 1617 1300 1655; x_wconf 82' lang='lat' dir='ltr'>octubris,</span> <span class='ocrx_word' id='word_1_266' title='bbox 1325 1617 1528 1659; x_wconf 71' lang='lat' dir='ltr'>magnificus</span> <span class='ocrx_word' id='word_1_267' title='bbox 1556 1617 1715 1647; x_wconf 82' lang='lat' dir='ltr'>(lominus</span> <span class='ocrx_word' id='word_1_268' title='bbox 1739 1615 1929 1648; x_wconf 79' lang='lat' dir='ltr'>Ubertinus</span> <span class='ocrx_word' id='word_1_269' title='bbox 1961 1616 2004 1645; x_wconf 86' lang='lat' dir='ltr'>de</span> 
     </span>
     <span class='ocr_line' id='line_1_24' title="bbox 173 1668 2010 1713; baseline -0.003 -10"><span class='ocrx_word' id='word_1_270' title='bbox 173 1671 335 1704; x_wconf 89' lang='lat' dir='ltr'>Carraria</span> <span class='ocrx_word' id='word_1_271' title='bbox 358 1672 429 1702; x_wconf 77' lang='lat' dir='ltr'>fieri</span> <span class='ocrx_word' id='word_1_272' title='bbox 454 1671 539 1702; x_wconf 82' lang='lat' dir='ltr'>fecit</span> <span class='ocrx_word' id='word_1_273' title='bbox 564 1676 701 1702; x_wconf 80' lang='lat' dir='ltr'>stratam</span> <span class='ocrx_word' id='word_1_274' title='bbox 726 1670 847 1713; x_wconf 84' lang='lat' dir='ltr'>Campi</span> <span class='ocrx_word' id='word_1_275' title='bbox 873 1672 992 1703; x_wconf 84' lang='lat' dir='ltr'>Sancti</span> <span class='ocrx_word' id='word_1_276' title='bbox 1018 1671 1124 1707; x_wconf 84' lang='lat' dir='ltr'>Petri,</span> <span class='ocrx_word' id='word_1_277' title='bbox 1149 1677 1183 1702; x_wconf 90' lang='lat' dir='ltr'>et</span> <span class='ocrx_word' id='word_1_278' title='bbox 1199 1670 1267 1701; x_wconf 83' lang='lat' dir='ltr'>alia</span> <span class='ocrx_word' id='word_1_279' title='bbox 1285 1670 1389 1701; x_wconf 84' lang='lat' dir='ltr'>multa</span> <span class='ocrx_word' id='word_1_280' title='bbox 1413 1669 1584 1700; x_wconf 86' lang='lat' dir='ltr'>laboreria</span> <span class='ocrx_word' id='word_1_281' title='bbox 1607 1669 1768 1700; x_wconf 86' lang='lat' dir='ltr'>incoavit.</span> <span class='ocrx_word' id='word_1_282' title='bbox 1817 1669 1899 1699; x_wconf 81' lang='lat' dir='ltr'>Erat</span> <span class='ocrx_word' id='word_1_283' title='bbox 1917 1668 2010 1698; x_wconf 86' lang='lat' dir='ltr'>enim</span> 
     </span>
     <span class='ocr_line' id='line_1_25' title="bbox 178 1722 1555 1767; baseline -0.001 -11"><span class='ocrx_word' id='word_1_284' title='bbox 178 1725 272 1756; x_wconf 89' lang='lat' dir='ltr'>circa</span> <span class='ocrx_word' id='word_1_285' title='bbox 294 1724 443 1756; x_wconf 82' lang='lat' dir='ltr'>civitatis</span> <span class='ocrx_word' id='word_1_286' title='bbox 467 1730 501 1755; x_wconf 88' lang='lat' dir='ltr'>et</span> <span class='ocrx_word' id='word_1_287' title='bbox 527 1724 682 1755; x_wconf 85' lang='lat' dir='ltr'>villarum</span> <span class='ocrx_word' id='word_1_288' title='bbox 708 1724 970 1765; x_wconf 85' lang='lat' dir='ltr'>reparacionem</span> <span class='ocrx_word' id='word_1_289' title='bbox 998 1724 1143 1767; x_wconf 78' lang='lat' dir='ltr'>pervigil</span> <span class='ocrx_word' id='word_1_290' title='bbox 1168 1724 1310 1754; x_wconf 88' lang='lat' dir='ltr'>multum</span> <span class='ocrx_word' id='word_1_291' title='bbox 1336 1729 1370 1754; x_wconf 90' lang='lat' dir='ltr'>et</span> <span class='ocrx_word' id='word_1_292' title='bbox 1394 1722 1555 1754; x_wconf 80' lang='lat' dir='ltr'>instans³.</span> 
     </span>
    </p>
   </div>
   <div class='ocr_carea' id='block_1_7' title="bbox 108 1825 2013 2087">
    <p class='ocr_par' dir='ltr' id='par_1_7' title="bbox 108 1825 2013 2087">
     <span class='ocr_line' id='line_1_26' title="bbox 108 1825 2010 1872; baseline -0.003 -10"><span class='ocrx_word' id='word_1_293' title='bbox 108 1831 148 1862; x_wconf 88' lang='grc'>25</span> <span class='ocrx_word' id='word_1_294' title='bbox 261 1830 312 1865; x_wconf 92' lang='grc'>70.</span> <span class='ocrx_word' id='word_1_295' title='bbox 337 1830 438 1872; x_wconf 78' lang='grc'>[174].</span> <span class='ocrx_word' id='word_1_296' title='bbox 456 1849 499 1854; x_wconf 91' lang='lat'>—-</span> <span class='ocrx_word' id='word_1_297' title='bbox 513 1831 636 1872; x_wconf 77' lang='lat' dir='ltr'>[MJille</span> <span class='ocrx_word' id='word_1_298' title='bbox 657 1830 854 1868; x_wconf 80' lang='lat' dir='ltr'>CCCXLII,</span> <span class='ocrx_word' id='word_1_299' title='bbox 879 1831 935 1862; x_wconf 87' lang='lat' dir='ltr'>die</span> <span class='ocrx_word' id='word_1_300' title='bbox 953 1840 1006 1862; x_wconf 79' lang='lat' dir='ltr'>vu</span> <span class='ocrx_word' id='word_1_301' title='bbox 1022 1830 1163 1868; x_wconf 86' lang='lat' dir='ltr'>ianuari‚</span> <span class='ocrx_word' id='word_1_302' title='bbox 1180 1830 1381 1872; x_wconf 78' lang='lat' dir='ltr'>magnificus</span> <span class='ocrx_word' id='word_1_303' title='bbox 1398 1830 1556 1861; x_wconf 82' lang='lat' dir='ltr'>dominus</span> <span class='ocrx_word' id='word_1_304' title='bbox 1583 1828 1772 1860; x_wconf 80' lang='lat' dir='ltr'>Ubertinus</span> <span class='ocrx_word' id='word_1_305' title='bbox 1791 1829 1833 1859; x_wconf 88' lang='lat' dir='ltr'>de</span> <span class='ocrx_word' id='word_1_306' title='bbox 1851 1825 2010 1858; x_wconf 85' lang='lat' dir='ltr'>Carraria</span> 
     </span>
     <span class='ocr_line' id='line_1_27' title="bbox 175 1879 2009 1927; baseline -0.003 -12"><span class='ocrx_word' id='word_1_307' title='bbox 175 1884 219 1916; x_wconf 87' lang='lat' dir='ltr'>ob</span> <span class='ocrx_word' id='word_1_308' title='bbox 244 1895 395 1917; x_wconf 87' lang='lat' dir='ltr'>amorem</span> <span class='ocrx_word' id='word_1_309' title='bbox 421 1892 453 1916; x_wconf 89' lang='lat' dir='ltr'>et</span> <span class='ocrx_word' id='word_1_310' title='bbox 477 1885 714 1916; x_wconf 80' lang='lat' dir='ltr'>reverenciam</span> <span class='ocrx_word' id='word_1_311' title='bbox 740 1884 934 1927; x_wconf 68' lang='lat' dir='ltr'>Oppiconis</span> <span class='ocrx_word' id='word_1_312' title='bbox 959 1884 1105 1915; x_wconf 81' lang='lat' dir='ltr'>estensis</span> <span class='ocrx_word' id='word_1_313' title='bbox 1137 1884 1345 1915; x_wconf 85' lang='lat' dir='ltr'>marchionis</span> <span class='ocrx_word' id='word_1_314' title='bbox 1358 1884 1379 1920; x_wconf 80' lang='lat'>⁴,</span> <span class='ocrx_word' id='word_1_315' title='bbox 1412 1884 1510 1914; x_wconf 85' lang='lat' dir='ltr'>cuius</span> <span class='ocrx_word' id='word_1_316' title='bbox 1542 1893 1646 1923; x_wconf 87' lang='lat' dir='ltr'>super</span> <span class='ocrx_word' id='word_1_317' title='bbox 1677 1882 1788 1913; x_wconf 73' lang='lat' dir='ltr'>omnia</span> <span class='ocrx_word' id='word_1_318' title='bbox 1819 1879 2009 1911; x_wconf 79' lang='lat' dir='ltr'>amiciciam</span> 
     </span>
     <span class='ocr_line' id='line_1_28' title="bbox 173 1933 2012 1981; baseline -0.004 -10"><span class='ocrx_word' id='word_1_319' title='bbox 173 1938 322 1975; x_wconf 81' lang='lat' dir='ltr'>colebat,</span> <span class='ocrx_word' id='word_1_320' title='bbox 351 1939 394 1970; x_wconf 90' lang='lat' dir='ltr'>ad</span> <span class='ocrx_word' id='word_1_321' title='bbox 418 1939 574 1981; x_wconf 84' lang='lat' dir='ltr'>graciam</span> <span class='ocrx_word' id='word_1_322' title='bbox 601 1949 694 1970; x_wconf 88' lang='lat' dir='ltr'>suam</span> <span class='ocrx_word' id='word_1_323' title='bbox 719 1939 851 1980; x_wconf 81' lang='lat' dir='ltr'>recepit</span> <span class='ocrx_word' id='word_1_324' title='bbox 876 1944 910 1969; x_wconf 88' lang='lat' dir='ltr'>et</span> <span class='ocrx_word' id='word_1_325' title='bbox 933 1938 1084 1969; x_wconf 81' lang='lat' dir='ltr'>Paduam</span> <span class='ocrx_word' id='word_1_326' title='bbox 1110 1937 1287 1968; x_wconf 84' lang='lat' dir='ltr'>revocavit</span> <span class='ocrx_word' id='word_1_327' title='bbox 1313 1937 1494 1968; x_wconf 84' lang='lat' dir='ltr'>Nicolaum</span> <span class='ocrx_word' id='word_1_328' title='bbox 1527 1942 1559 1967; x_wconf 80' lang='lat' dir='ltr'>et</span> <span class='ocrx_word' id='word_1_329' title='bbox 1591 1935 1780 1967; x_wconf 76' lang='lat' dir='ltr'>Marsilium</span> <span class='ocrx_word' id='word_1_330' title='bbox 1813 1935 1857 1966; x_wconf 86' lang='lat' dir='ltr'>de</span> <span class='ocrx_word' id='word_1_331' title='bbox 1892 1933 2012 1965; x_wconf 85' lang='lat' dir='ltr'>Maca-</span> 
     </span>
     <span class='ocr_line' id='line_1_29' title="bbox 173 1987 2013 2035; baseline -0.003 -12"><span class='ocrx_word' id='word_1_332' title='bbox 173 1992 275 2029; x_wconf 85' lang='lat' dir='ltr'>ruffis,</span> <span class='ocrx_word' id='word_1_333' title='bbox 298 1992 548 2035; x_wconf 75' lang='lat' dir='ltr'>Taselgardum</span> <span class='ocrx_word' id='word_1_334' title='bbox 575 1993 616 2023; x_wconf 86' lang='lat' dir='ltr'>de</span> <span class='ocrx_word' id='word_1_335' title='bbox 642 1991 804 2031; x_wconf 70' lang='lat' dir='ltr'>Maliciis,</span> <span class='ocrx_word' id='word_1_336' title='bbox 830 1992 910 2022; x_wconf 81' lang='lat' dir='ltr'>olim</span> <span class='ocrx_word' id='word_1_337' title='bbox 937 1997 1078 2032; x_wconf 88' lang='lat' dir='ltr'>propter</span> <span class='ocrx_word' id='word_1_338' title='bbox 1102 1999 1246 2021; x_wconf 76' lang='lat' dir='ltr'>mortem</span> <span class='ocrx_word' id='word_1_339' title='bbox 1272 1990 1456 2021; x_wconf 74' lang='lat' dir='ltr'>Macaruffi</span> <span class='ocrx_word' id='word_1_340' title='bbox 1480 1989 1627 2021; x_wconf 83' lang='lat' dir='ltr'>rebelles</span> <span class='ocrx_word' id='word_1_341' title='bbox 1659 1988 1813 2020; x_wconf 84' lang='lat' dir='ltr'>comunis</span> <span class='ocrx_word' id='word_1_342' title='bbox 1837 1987 1955 2018; x_wconf 75' lang='lat' dir='ltr'>Padue</span> <span class='ocrx_word' id='word_1_343' title='bbox 1980 1993 2013 2018; x_wconf 85' lang='lat' dir='ltr'>et</span> 
     </span>
     <span class='ocr_line' id='line_1_30' title="bbox 178 2044 1315 2087; baseline -0.002 -11"><span class='ocrx_word' id='word_1_344' title='bbox 178 2044 352 2087; x_wconf 78' lang='lat' dir='ltr'>magnifici</span> <span class='ocrx_word' id='word_1_345' title='bbox 377 2045 507 2076; x_wconf 93' lang='lat' dir='ltr'>domini</span> <span class='ocrx_word' id='word_1_346' title='bbox 531 2045 677 2076; x_wconf 86' lang='lat' dir='ltr'>Marsilii</span> <span class='ocrx_word' id='word_1_347' title='bbox 701 2046 743 2076; x_wconf 87' lang='lat' dir='ltr'>de</span> <span class='ocrx_word' id='word_1_348' title='bbox 770 2045 933 2076; x_wconf 78' lang='lat' dir='ltr'>Carraria</span> <span class='ocrx_word' id='word_1_349' title='bbox 956 2044 1116 2075; x_wconf 88' lang='lat' dir='ltr'>inimicos</span> <span class='ocrx_word' id='word_1_350' title='bbox 1139 2044 1315 2085; x_wconf 82' lang='lat' dir='ltr'>capitales.</span> 
     </span>
    </p>
   </div>
   <div class='ocr_carea' id='block_1_8' title="bbox 110 2146 2010 2244">
    <p class='ocr_par' dir='ltr' id='par_1_8' title="bbox 110 2146 2010 2244">
     <span class='ocr_line' id='line_1_31' title="bbox 110 2146 2009 2192; baseline -0.004 -10"><span class='ocrx_word' id='word_1_351' title='bbox 110 2152 151 2182; x_wconf 83' lang='lat'>30</span> <span class='ocrx_word' id='word_1_352' title='bbox 266 2150 316 2185; x_wconf 89' lang='grc'>71.</span> <span class='ocrx_word' id='word_1_353' title='bbox 348 2150 449 2191; x_wconf 85' lang='grc'>[175].</span> <span class='ocrx_word' id='word_1_354' title='bbox 481 2169 523 2173; x_wconf 84' lang='lat'>——</span> <span class='ocrx_word' id='word_1_355' title='bbox 550 2150 739 2192; x_wconf 78' lang='lat' dir='ltr'>[PJredicto</span> <span class='ocrx_word' id='word_1_356' title='bbox 769 2150 964 2186; x_wconf 85' lang='lat' dir='ltr'>millesimo,</span> <span class='ocrx_word' id='word_1_357' title='bbox 988 2150 1044 2181; x_wconf 89' lang='lat' dir='ltr'>die</span> <span class='ocrx_word' id='word_1_358' title='bbox 1078 2159 1155 2180; x_wconf 80' lang='lat' dir='ltr'>xxn</span> <span class='ocrx_word' id='word_1_359' title='bbox 1188 2149 1365 2185; x_wconf 79' lang='lat' dir='ltr'>februarii,</span> <span class='ocrx_word' id='word_1_360' title='bbox 1393 2148 1569 2190; x_wconf 83' lang='lat' dir='ltr'>magnifici</span> <span class='ocrx_word' id='word_1_361' title='bbox 1602 2147 1732 2178; x_wconf 79' lang='lat' dir='ltr'>domini</span> <span class='ocrx_word' id='word_1_362' title='bbox 1757 2146 1945 2178; x_wconf 79' lang='lat' dir='ltr'>Ubertinus</span> <span class='ocrx_word' id='word_1_363' title='bbox 1968 2147 2009 2176; x_wconf 86' lang='lat' dir='ltr'>de</span> 
     </span>
     <span class='ocr_line' id='line_1_32' title="bbox 176 2199 2010 2244; baseline -0.003 -8"><span class='ocrx_word' id='word_1_364' title='bbox 176 2204 347 2244; x_wconf 83' lang='lat' dir='ltr'>Carraria,</span> <span class='ocrx_word' id='word_1_365' title='bbox 372 2204 518 2235; x_wconf 83' lang='lat' dir='ltr'>estensis</span> <span class='ocrx_word' id='word_1_366' title='bbox 541 2204 697 2235; x_wconf 81' lang='lat' dir='ltr'>marchio</span> <span class='ocrx_word' id='word_1_367' title='bbox 733 2210 765 2234; x_wconf 85' lang='lat' dir='ltr'>et</span> <span class='ocrx_word' id='word_1_368' title='bbox 789 2203 960 2234; x_wconf 81' lang='lat' dir='ltr'>Iohannes</span> <span class='ocrx_word' id='word_1_369' title='bbox 992 2203 1035 2235; x_wconf 90' lang='lat' dir='ltr'>de</span> <span class='ocrx_word' id='word_1_370' title='bbox 1067 2203 1230 2244; x_wconf 84' lang='lat' dir='ltr'>Pepolis⁵</span> <span class='ocrx_word' id='word_1_371' title='bbox 1262 2203 1403 2233; x_wconf 68' lang='lat' dir='ltr'>[uerunt</span> <span class='ocrx_word' id='word_1_372' title='bbox 1434 2201 1577 2243; x_wconf 82' lang='lat' dir='ltr'>Rodigii</span> <span class='ocrx_word' id='word_1_373' title='bbox 1607 2201 1641 2231; x_wconf 91' lang='lat' dir='ltr'>in</span> <span class='ocrx_word' id='word_1_374' title='bbox 1674 2200 1790 2231; x_wconf 78' lang='lat' dir='ltr'>stricto</span> <span class='ocrx_word' id='word_1_375' title='bbox 1825 2199 2010 2240; x_wconf 84' lang='lat' dir='ltr'>colloquio,</span> 
     </span>
    </p>
   </div>
   <div class='ocr_carea' id='block_1_9' title="bbox 175 2251 2006 2352">
    <p class='ocr_par' dir='ltr' id='par_1_9' title="bbox 175 2251 2006 2352">
     <span class='ocr_line' id='line_1_33' title="bbox 175 2251 2006 2298; baseline -0.003 -10"><span class='ocrx_word' id='word_1_376' title='bbox 175 2257 407 2288; x_wconf 77' lang='lat' dir='ltr'>familiaritate</span> <span class='ocrx_word' id='word_1_377' title='bbox 439 2257 585 2288; x_wconf 80' lang='lat' dir='ltr'>maxima</span> <span class='ocrx_word' id='word_1_378' title='bbox 616 2257 807 2293; x_wconf 85' lang='lat' dir='ltr'>coniuncti,</span> <span class='ocrx_word' id='word_1_379' title='bbox 839 2264 890 2288; x_wconf 87' lang='lat' dir='ltr'>set</span> <span class='ocrx_word' id='word_1_380' title='bbox 921 2257 1005 2298; x_wconf 92' lang='lat' dir='ltr'>quid</span> <span class='ocrx_word' id='word_1_381' title='bbox 1037 2256 1124 2288; x_wconf 87' lang='lat' dir='ltr'>inter</span> <span class='ocrx_word' id='word_1_382' title='bbox 1153 2266 1211 2287; x_wconf 84' lang='lat' dir='ltr'>eos</span> <span class='ocrx_word' id='word_1_383' title='bbox 1241 2262 1274 2287; x_wconf 89' lang='lat' dir='ltr'>et</span> <span class='ocrx_word' id='word_1_384' title='bbox 1306 2255 1349 2286; x_wconf 90' lang='lat' dir='ltr'>de</span> <span class='ocrx_word' id='word_1_385' title='bbox 1375 2254 1497 2296; x_wconf 81' lang='lat' dir='ltr'>quibus</span> <span class='ocrx_word' id='word_1_386' title='bbox 1528 2254 1634 2285; x_wconf 81' lang='lat' dir='ltr'>fuerit</span> <span class='ocrx_word' id='word_1_387' title='bbox 1667 2253 1842 2295; x_wconf 73' lang='lat' dir='ltr'>agitatum,</span> <span class='ocrx_word' id='word_1_388' title='bbox 1868 2251 2006 2293; x_wconf 78' lang='lat' dir='ltr'>penitus</span> 
     </span>
     <span class='ocr_line' id='line_1_34' title="bbox 177 2311 458 2352; baseline 0.004 -11"><span class='ocrx_word' id='word_1_389' title='bbox 177 2311 371 2352; x_wconf 85' lang='lat' dir='ltr'>ignoratum</span> <span class='ocrx_word' id='word_1_390' title='bbox 397 2316 458 2342; x_wconf 86' lang='lat' dir='ltr'>est.</span> 
     </span>
    </p>
   </div>
   <div class='ocr_carea' id='block_1_10' title="bbox 113 2411 2014 2670">
    <p class='ocr_par' dir='ltr' id='par_1_10' title="bbox 266 2411 2009 2458">
     <span class='ocr_line' id='line_1_35' title="bbox 266 2411 2009 2458; baseline -0.005 -8"><span class='ocrx_word' id='word_1_391' title='bbox 266 2415 317 2450; x_wconf 86' lang='lat'>72.</span> <span class='ocrx_word' id='word_1_392' title='bbox 343 2415 443 2457; x_wconf 71' lang='grc'>[1761.</span> <span class='ocrx_word' id='word_1_393' title='bbox 468 2435 512 2439; x_wconf 84' lang='grc'><strong>-</strong></span> <span class='ocrx_word' id='word_1_394' title='bbox 536 2416 695 2458; x_wconf 88' lang='lat' dir='ltr'>[E]odem</span> <span class='ocrx_word' id='word_1_395' title='bbox 721 2417 914 2454; x_wconf 84' lang='lat' dir='ltr'>millesimo,</span> <span class='ocrx_word' id='word_1_396' title='bbox 940 2418 995 2448; x_wconf 85' lang='lat' dir='ltr'>die</span> <span class='ocrx_word' id='word_1_397' title='bbox 1021 2426 1097 2447; x_wconf 81' lang='lat' dir='ltr'>xxn</span> <span class='ocrx_word' id='word_1_398' title='bbox 1121 2416 1214 2452; x_wconf 90' lang='lat' dir='ltr'>maii,</span> <span class='ocrx_word' id='word_1_399' title='bbox 1238 2415 1441 2457; x_wconf 73' lang='lat' dir='ltr'>magnificus</span> <span class='ocrx_word' id='word_1_400' title='bbox 1465 2414 1624 2445; x_wconf 84' lang='lat' dir='ltr'>dominus</span> <span class='ocrx_word' id='word_1_401' title='bbox 1648 2412 1838 2444; x_wconf 83' lang='lat' dir='ltr'>Ubertinus</span> <span class='ocrx_word' id='word_1_402' title='bbox 1861 2413 1901 2442; x_wconf 79' lang='lat' dir='ltr'>de</span> <span class='ocrx_word' id='word_1_403' title='bbox 1926 2411 2009 2443; x_wconf 86' lang='lat' dir='ltr'>Car-</span> 
     </span>
    </p>

    <p class='ocr_par' dir='ltr' id='par_1_11' title="bbox 113 2465 2014 2617">
     <span class='ocr_line' id='line_1_36' title="bbox 113 2465 2009 2511; baseline -0.004 -9"><span class='ocrx_word' id='word_1_404' title='bbox 113 2469 152 2502; x_wconf 81' lang='lat'>35</span> <span class='ocrx_word' id='word_1_405' title='bbox 175 2470 266 2501; x_wconf 85' lang='lat' dir='ltr'>raria</span> <span class='ocrx_word' id='word_1_406' title='bbox 288 2470 445 2501; x_wconf 86' lang='lat' dir='ltr'>lieteram</span> <span class='ocrx_word' id='word_1_407' title='bbox 470 2470 685 2511; x_wconf 84' lang='lat' dir='ltr'>infrascripti</span> <span class='ocrx_word' id='word_1_408' title='bbox 711 2470 839 2502; x_wconf 86' lang='lat' dir='ltr'>tenoris</span> <span class='ocrx_word' id='word_1_409' title='bbox 863 2469 1020 2511; x_wconf 79' lang='lat' dir='ltr'>recepit⁶</span> <span class='ocrx_word' id='word_1_410' title='bbox 1045 2481 1064 2500; x_wconf 90' lang='lat' dir='ltr'>a</span> <span class='ocrx_word' id='word_1_411' title='bbox 1089 2470 1237 2501; x_wconf 83' lang='lat' dir='ltr'>dominis</span> <span class='ocrx_word' id='word_1_412' title='bbox 1262 2469 1305 2499; x_wconf 87' lang='lat' dir='ltr'>de</span> <span class='ocrx_word' id='word_1_413' title='bbox 1330 2467 1501 2508; x_wconf 45' lang='lat' dir='ltr'>Corripio,</span> <span class='ocrx_word' id='word_1_414' title='bbox 1526 2467 1583 2508; x_wconf 89' lang='lat' dir='ltr'>qui</span> <span class='ocrx_word' id='word_1_415' title='bbox 1609 2476 1670 2507; x_wconf 82' lang='lat' dir='ltr'>pro</span> <span class='ocrx_word' id='word_1_416' title='bbox 1697 2466 1835 2497; x_wconf 85' lang='lat' dir='ltr'>domino</span> <span class='ocrx_word' id='word_1_417' title='bbox 1859 2465 2009 2497; x_wconf 75' lang='lat' dir='ltr'>Maslino</span> 
     </span>
     <span class='ocr_line' id='line_1_37' title="bbox 176 2518 2014 2564; baseline -0.004 -9"><span class='ocrx_word' id='word_1_418' title='bbox 176 2523 299 2555; x_wconf 87' lang='lat' dir='ltr'>Parme</span> <span class='ocrx_word' id='word_1_419' title='bbox 318 2528 490 2563; x_wconf 86' lang='lat' dir='ltr'>preerant,</span> <span class='ocrx_word' id='word_1_420' title='bbox 507 2534 610 2563; x_wconf 85' lang='lat' dir='ltr'>super</span> <span class='ocrx_word' id='word_1_421' title='bbox 635 2524 730 2555; x_wconf 78' lang='lat' dir='ltr'>facto</span> <span class='ocrx_word' id='word_1_422' title='bbox 748 2523 946 2554; x_wconf 88' lang='lat' dir='ltr'>rebellionis</span> <span class='ocrx_word' id='word_1_423' title='bbox 963 2533 1025 2564; x_wconf 85' lang='lat' dir='ltr'>per</span> <span class='ocrx_word' id='word_1_424' title='bbox 1049 2523 1140 2564; x_wconf 82' lang='lat' dir='ltr'>ipsos</span> <span class='ocrx_word' id='word_1_425' title='bbox 1158 2523 1251 2553; x_wconf 77' lang='lat' dir='ltr'>facte</span> <span class='ocrx_word' id='word_1_426' title='bbox 1269 2523 1310 2551; x_wconf 79' lang='lat' dir='ltr'>(le</span> <span class='ocrx_word' id='word_1_427' title='bbox 1327 2521 1422 2551; x_wconf 72' lang='lat' dir='ltr'>dicta</span> <span class='ocrx_word' id='word_1_428' title='bbox 1447 2520 1584 2551; x_wconf 77' lang='lat' dir='ltr'>civitate</span> <span class='ocrx_word' id='word_1_429' title='bbox 1601 2531 1608 2550; x_wconf 81' lang='lat' dir='ltr'>z</span> <span class='ocrx_word' id='word_1_430' title='bbox 1633 2519 1647 2534; x_wconf 68' lang='lat'>⁶⁶</span> <span class='ocrx_word' id='word_1_431' title='bbox 1660 2518 1849 2561; x_wconf 78' lang='lat' dir='ltr'>Magnifice</span> <span class='ocrx_word' id='word_1_432' title='bbox 1874 2518 2014 2548; x_wconf 85' lang='lat' dir='ltr'>domino</span> 
     </span>
     <span class='ocr_line' id='line_1_38' title="bbox 182 2571 2011 2617; baseline -0.004 -10"><span class='ocrx_word' id='word_1_433' title='bbox 182 2575 382 2607; x_wconf 85' lang='lat' dir='ltr'>“Ubertino</span> <span class='ocrx_word' id='word_1_434' title='bbox 406 2576 556 2607; x_wconf 83' lang='lat' dir='ltr'>civitatis</span> <span class='ocrx_word' id='word_1_435' title='bbox 580 2576 698 2607; x_wconf 89' lang='lat' dir='ltr'>Padue</span> <span class='ocrx_word' id='word_1_436' title='bbox 724 2577 864 2607; x_wconf 85' lang='lat' dir='ltr'>domino</span> <span class='ocrx_word' id='word_1_437' title='bbox 889 2576 1055 2617; x_wconf 76' lang='lat' dir='ltr'>generali.</span> <span class='ocrx_word' id='word_1_438' title='bbox 1103 2575 1214 2606; x_wconf 79' lang='lat' dir='ltr'>Vobis</span> <span class='ocrx_word' id='word_1_439' title='bbox 1242 2575 1286 2605; x_wconf 87' lang='lat' dir='ltr'>ad</span> <span class='ocrx_word' id='word_1_440' title='bbox 1310 2573 1471 2615; x_wconf 76' lang='lat' dir='ltr'>gandium</span> <span class='ocrx_word' id='word_1_441' title='bbox 1495 2572 1727 2614; x_wconf 81' lang='lat' dir='ltr'>significamus</span> <span class='ocrx_word' id='word_1_442' title='bbox 1751 2572 1842 2612; x_wconf 90' lang='lat' dir='ltr'>quod</span> <span class='ocrx_word' id='word_1_443' title='bbox 1859 2571 1914 2601; x_wconf 89' lang='lat' dir='ltr'>die</span> <span class='ocrx_word' id='word_1_444' title='bbox 1933 2571 2011 2600; x_wconf 84' lang='lat' dir='ltr'>lune</span> 
     </span>
    </p>

    <p class='ocr_par' dir='ltr' id='par_1_12' title="bbox 181 2623 2013 2670">
     <span class='ocr_line' id='line_1_39' title="bbox 181 2623 2013 2670; baseline -0.004 -10"><span class='ocrx_word' id='word_1_445' title='bbox 181 2631 194 2646; x_wconf 88' lang='lat'>“</span> <span class='ocrx_word' id='word_1_446' title='bbox 211 2638 272 2660; x_wconf 80' lang='grc' dir='ltr'>ΧΧΙ</span> <span class='ocrx_word' id='word_1_447' title='bbox 296 2628 388 2668; x_wconf 89' lang='lat' dir='ltr'>maii,</span> <span class='ocrx_word' id='word_1_448' title='bbox 411 2629 447 2660; x_wconf 91' lang='lat' dir='ltr'>in</span> <span class='ocrx_word' id='word_1_449' title='bbox 463 2629 573 2670; x_wconf 91' lang='lat' dir='ltr'>primo</span> <span class='ocrx_word' id='word_1_450' title='bbox 592 2640 686 2667; x_wconf 85' lang='lat' dir='ltr'>sono,</span> <span class='ocrx_word' id='word_1_451' title='bbox 712 2630 870 2661; x_wconf 85' lang='lat' dir='ltr'>dominus</span> <span class='ocrx_word' id='word_1_452' title='bbox 895 2628 1047 2660; x_wconf 80' lang='lat' dir='ltr'>Bonetus</span> <span class='ocrx_word' id='word_1_453' title='bbox 1065 2629 1107 2660; x_wconf 90' lang='lat' dir='ltr'>de</span> <span class='ocrx_word' id='word_1_454' title='bbox 1125 2627 1333 2659; x_wconf 85' lang='lat' dir='ltr'>Malavicino</span> <span class='ocrx_word' id='word_1_455' title='bbox 1357 2625 1455 2658; x_wconf 88' lang='lat' dir='ltr'>nobis</span> <span class='ocrx_word' id='word_1_456' title='bbox 1472 2626 1633 2656; x_wconf 82' lang='lat' dir='ltr'>insultum</span> <span class='ocrx_word' id='word_1_457' title='bbox 1658 2625 1745 2656; x_wconf 81' lang='lat' dir='ltr'>fecit</span> <span class='ocrx_word' id='word_1_458' title='bbox 1762 2635 1838 2655; x_wconf 88' lang='lat' dir='ltr'>cum</span> <span class='ocrx_word' id='word_1_459' title='bbox 1857 2623 2013 2654; x_wconf 78' lang='lat' dir='ltr'>omnibus</span> 
     </span>
    </p>
   </div>
   <div class='ocr_carea' id='block_1_11' title="bbox 179 2739 2010 2862">
    <p class='ocr_par' dir='ltr' id='par_1_13' title="bbox 179 2739 2010 2862">
     <span class='ocr_line' id='line_1_40' title="bbox 272 2739 2010 2777; baseline -0.003 -9"><span class='ocrx_word' id='word_1_460' title='bbox 272 2751 294 2769; x_wconf 94' lang='lat'>1.</span> <span class='ocrx_word' id='word_1_461' title='bbox 313 2746 382 2768; x_wconf 83' lang='lat' dir='ltr'>tune</span> <span class='ocrx_word' id='word_1_462' title='bbox 401 2753 448 2768; x_wconf 81' lang='lat' dir='ltr'>om.</span> <span class='ocrx_word' id='word_1_463' title='bbox 468 2744 492 2770; x_wconf 89' lang='lat' dir='ltr'><em>S</em></span> <span class='ocrx_word' id='word_1_464' title='bbox 509 2758 540 2762; x_wconf 88' lang='lat'>·—</span> <span class='ocrx_word' id='word_1_465' title='bbox 561 2753 584 2776; x_wconf 90' lang='lat'>9.</span> <span class='ocrx_word' id='word_1_466' title='bbox 605 2746 637 2769; x_wconf 82' lang='lat' dir='ltr'>de</span> <span class='ocrx_word' id='word_1_467' title='bbox 658 2746 769 2769; x_wconf 80' lang='lat' dir='ltr'>ditione</span> <span class='ocrx_word' id='word_1_468' title='bbox 790 2747 812 2770; x_wconf 82' lang='lat' dir='ltr'><em>S</em></span> <span class='ocrx_word' id='word_1_469' title='bbox 830 2760 860 2762; x_wconf 97' lang='lat'><strong>—</strong></span> <span class='ocrx_word' id='word_1_470' title='bbox 886 2753 924 2769; x_wconf 85' lang='lat'>11.</span> <span class='ocrx_word' id='word_1_471' title='bbox 946 2747 1006 2777; x_wconf 79' lang='lat' dir='ltr'>ipse</span> <span class='ocrx_word' id='word_1_472' title='bbox 1025 2746 1156 2769; x_wconf 85' lang='lat' dir='ltr'>dominus</span> <span class='ocrx_word' id='word_1_473' title='bbox 1176 2745 1239 2769; x_wconf 77' lang='lat'>8—</span> <span class='ocrx_word' id='word_1_474' title='bbox 1260 2742 1355 2767; x_wconf 73' lang='lat'>12.⁸¹**</span> <span class='ocrx_word' id='word_1_475' title='bbox 1369 2743 1501 2767; x_wconf 88' lang='lat' dir='ltr'>dominus</span> <span class='ocrx_word' id='word_1_476' title='bbox 1514 2742 1642 2765; x_wconf 88' lang='lat' dir='ltr'>Bononie</span> <span class='ocrx_word' id='word_1_477' title='bbox 1657 2743 1678 2767; x_wconf 82' lang='lat' dir='ltr'><strong><em>S</em></strong></span> <span class='ocrx_word' id='word_1_478' title='bbox 1696 2756 1726 2758; x_wconf 97' lang='lat'><strong>—</strong></span> <span class='ocrx_word' id='word_1_479' title='bbox 1746 2748 1782 2771; x_wconf 80' lang='lat'>15.</span> <span class='ocrx_word' id='word_1_480' title='bbox 1799 2739 1875 2772; x_wconf 88' lang='lat' dir='ltr'>vero]</span> <span class='ocrx_word' id='word_1_481' title='bbox 1895 2740 2010 2763; x_wconf 88' lang='lat' dir='ltr'>nornine</span> 
     </span>
     <span class='ocr_line' id='line_1_41' title="bbox 179 2782 2008 2818; baseline -0.004 -6"><span class='ocrx_word' id='word_1_482' title='bbox 179 2787 202 2812; x_wconf 90' lang='lat' dir='ltr'><em>S</em></span> <span class='ocrx_word' id='word_1_483' title='bbox 219 2800 251 2805; x_wconf 82' lang='lat'>—</span> <span class='ocrx_word' id='word_1_484' title='bbox 268 2792 307 2818; x_wconf 81' lang='lat'>17.</span> <span class='ocrx_word' id='word_1_485' title='bbox 327 2794 444 2818; x_wconf 87' lang='lat' dir='ltr'>cumque</span> <span class='ocrx_word' id='word_1_486' title='bbox 466 2788 523 2811; x_wconf 73' lang='lat' dir='ltr'>Iam</span> <span class='ocrx_word' id='word_1_487' title='bbox 543 2788 566 2812; x_wconf 81' lang='lat' dir='ltr'><em>S</em></span> <span class='ocrx_word' id='word_1_488' title='bbox 583 2801 615 2805; x_wconf 98' lang='lat'><strong>—</strong></span> <span class='ocrx_word' id='word_1_489' title='bbox 639 2787 676 2811; x_wconf 87' lang='lat'>18.</span> <span class='ocrx_word' id='word_1_490' title='bbox 698 2789 752 2811; x_wconf 85' lang='lat' dir='ltr'>iam</span> <span class='ocrx_word' id='word_1_491' title='bbox 774 2797 820 2812; x_wconf 85' lang='lat' dir='ltr'>om.</span> <span class='ocrx_word' id='word_1_492' title='bbox 842 2788 865 2813; x_wconf 88' lang='lat' dir='ltr'><em>S</em></span> <span class='ocrx_word' id='word_1_493' title='bbox 881 2800 891 2806; x_wconf 88' lang='lat'><em>—</em></span> <span class='ocrx_word' id='word_1_494' title='bbox 912 2787 1161 2812; x_wconf 83' lang='lat' dir='ltr'>intermissioneS</span> <span class='ocrx_word' id='word_1_495' title='bbox 1174 2801 1202 2804; x_wconf 73' lang='lat'>—-</span> <span class='ocrx_word' id='word_1_496' title='bbox 1226 2793 1265 2810; x_wconf 86' lang='lat'>21.</span> <span class='ocrx_word' id='word_1_497' title='bbox 1285 2783 1383 2818; x_wconf 62' lang='lat' dir='ltr'>equit]</span> <span class='ocrx_word' id='word_1_498' title='bbox 1398 2785 1586 2817; x_wconf 80' lang='lat' dir='ltr'>proficiscitur</span> <span class='ocrx_word' id='word_1_499' title='bbox 1601 2785 1622 2808; x_wconf 88' lang='lat' dir='ltr'><em>S</em></span> <span class='ocrx_word' id='word_1_500' title='bbox 1636 2797 1667 2801; x_wconf 90' lang='lat'>—</span> <span class='ocrx_word' id='word_1_501' title='bbox 1683 2791 1723 2815; x_wconf 83' lang='lat'>23·</span> <span class='ocrx_word' id='word_1_502' title='bbox 1743 2784 1776 2807; x_wconf 79' lang='lat' dir='ltr'>de</span> <span class='ocrx_word' id='word_1_503' title='bbox 1791 2782 1899 2814; x_wconf 83' lang='lat' dir='ltr'>Campo</span> <span class='ocrx_word' id='word_1_504' title='bbox 1919 2783 2008 2806; x_wconf 81' lang='lat' dir='ltr'>sancti</span> 
     </span>
     <span class='ocr_line' id='line_1_42' title="bbox 179 2829 1027 2862; baseline 0.002 -10"><span class='ocrx_word' id='word_1_505' title='bbox 179 2829 254 2853; x_wconf 86' lang='lat' dir='ltr'>Petri</span> <span class='ocrx_word' id='word_1_506' title='bbox 276 2829 299 2854; x_wconf 81' lang='lat' dir='ltr'><strong><em>S</em></strong></span> <span class='ocrx_word' id='word_1_507' title='bbox 314 2843 347 2846; x_wconf 97' lang='lat'><strong>—</strong></span> <span class='ocrx_word' id='word_1_508' title='bbox 367 2835 408 2860; x_wconf 79' lang='lat'>24.</span> <span class='ocrx_word' id='word_1_509' title='bbox 429 2830 546 2853; x_wconf 83' lang='lat' dir='ltr'>multum</span> <span class='ocrx_word' id='word_1_510' title='bbox 567 2830 717 2861; x_wconf 77' lang='lat' dir='ltr'>pollicitus</span> <span class='ocrx_word' id='word_1_511' title='bbox 738 2831 760 2854; x_wconf 90' lang='lat' dir='ltr'><strong><em>S</em></strong></span> <span class='ocrx_word' id='word_1_512' title='bbox 778 2844 809 2847; x_wconf 97' lang='lat'><strong>—</strong></span> <span class='ocrx_word' id='word_1_513' title='bbox 830 2830 872 2862; x_wconf 88' lang='lat'>36.</span> <span class='ocrx_word' id='word_1_514' title='bbox 892 2831 985 2854; x_wconf 79' lang='lat' dir='ltr'>Padue</span> <span class='ocrx_word' id='word_1_515' title='bbox 1005 2830 1027 2854; x_wconf 80' lang='lat' dir='ltr'><strong><em>S</em></strong></span> 
     </span>
    </p>
   </div>
   <div class='ocr_carea' id='block_1_12' title="bbox 135 2914 1676 3032">
    <p class='ocr_par' dir='ltr' id='par_1_14' title="bbox 135 2914 1676 3032">
     <span class='ocr_line' id='line_1_43' title="bbox 265 2914 1676 2949; baseline -0.003 -8"><span class='ocrx_word' id='word_1_516' title='bbox 265 2916 273 2932; x_wconf 89' lang='lat'>¹</span> <span class='ocrx_word' id='word_1_517' title='bbox 295 2917 432 2946; x_wconf 79' lang='lat' dir='ltr'><strong>CORTUS.‚</strong></span> <span class='ocrx_word' id='word_1_518' title='bbox 455 2918 594 2946; x_wconf 68' lang='lat' dir='ltr'>Chronica,</span> <span class='ocrx_word' id='word_1_519' title='bbox 614 2918 688 2947; x_wconf 79' lang='lat' dir='ltr'>V111,</span> <span class='ocrx_word' id='word_1_520' title='bbox 708 2927 731 2949; x_wconf 72' lang='lat'>4.</span> <span class='ocrx_word' id='word_1_521' title='bbox 1208 2916 1217 2930; x_wconf 76' lang='lat'><strong>⁴</strong></span> <span class='ocrx_word' id='word_1_522' title='bbox 1241 2916 1378 2945; x_wconf 65' lang='lat' dir='ltr'>Conrus„</span> <span class='ocrx_word' id='word_1_523' title='bbox 1400 2916 1537 2946; x_wconf 80' lang='lat' dir='ltr'>Chronica,</span> <span class='ocrx_word' id='word_1_524' title='bbox 1560 2914 1632 2944; x_wconf 82' lang='lat' dir='ltr'>V111,</span> <span class='ocrx_word' id='word_1_525' title='bbox 1654 2921 1676 2946; x_wconf 85' lang='lat'>5.</span> 
     </span>
     <span class='ocr_line' id='line_1_44' title="bbox 135 2957 1671 2991; baseline -0.001 -9"><span class='ocrx_word' id='word_1_526' title='bbox 135 2963 148 2989; x_wconf 88' lang='grc'><strong><em>5</em></strong></span> <span class='ocrx_word' id='word_1_527' title='bbox 265 2957 275 2974; x_wconf 73' lang='lat'>¹²</span> <span class='ocrx_word' id='word_1_528' title='bbox 295 2958 429 2987; x_wconf 77' lang='lat' dir='ltr'><strong>CORTUS..</strong></span> <span class='ocrx_word' id='word_1_529' title='bbox 451 2960 592 2989; x_wconf 74' lang='lat' dir='ltr'>Chronica,</span> <span class='ocrx_word' id='word_1_530' title='bbox 612 2960 686 2989; x_wconf 79' lang='lat' dir='ltr'>VIII,</span> <span class='ocrx_word' id='word_1_531' title='bbox 707 2966 731 2991; x_wconf 75' lang='lat'>5.</span> <span class='ocrx_word' id='word_1_532' title='bbox 1207 2959 1216 2972; x_wconf 62' lang='grc' dir='ltr'>ἵ*</span> <span class='ocrx_word' id='word_1_533' title='bbox 1239 2960 1374 2988; x_wconf 51' lang='lat' dir='ltr'>mustus„</span> <span class='ocrx_word' id='word_1_534' title='bbox 1398 2958 1533 2987; x_wconf 59' lang='lat' dir='ltr'>Chronica,</span> <span class='ocrx_word' id='word_1_535' title='bbox 1554 2958 1627 2987; x_wconf 80' lang='lat' dir='ltr'>VIII,</span> <span class='ocrx_word' id='word_1_536' title='bbox 1648 2963 1671 2987; x_wconf 83' lang='grc'>5.</span> 
     </span>
     <span class='ocr_line' id='line_1_45' title="bbox 265 2998 1673 3032; baseline -0.001 -8"><span class='ocrx_word' id='word_1_537' title='bbox 265 2998 275 3015; x_wconf 78' lang='lat'>³</span> <span class='ocrx_word' id='word_1_538' title='bbox 298 3001 433 3031; x_wconf 58' lang='lat' dir='ltr'>CORTUS„</span> <span class='ocrx_word' id='word_1_539' title='bbox 455 3002 593 3030; x_wconf 76' lang='lat' dir='ltr'>Chronica,</span> <span class='ocrx_word' id='word_1_540' title='bbox 611 3002 682 3031; x_wconf 69' lang='lat' dir='ltr'>VIII,</span> <span class='ocrx_word' id='word_1_541' title='bbox 703 3008 726 3032; x_wconf 80' lang='grc'>5.</span> <span class='ocrx_word' id='word_1_542' title='bbox 1211 2999 1221 3015; x_wconf 75' lang='lat'><strong>⁶</strong></span> <span class='ocrx_word' id='word_1_543' title='bbox 1243 3001 1378 3031; x_wconf 55' lang='lat' dir='ltr'>CURQUS„</span> <span class='ocrx_word' id='word_1_544' title='bbox 1401 3000 1538 3028; x_wconf 66' lang='lat' dir='ltr'>Chronica,</span> <span class='ocrx_word' id='word_1_545' title='bbox 1558 2999 1631 3028; x_wconf 86' lang='lat' dir='ltr'>VIII,</span> <span class='ocrx_word' id='word_1_546' title='bbox 1649 2999 1673 3023; x_wconf 83' lang='grc'>6,</span> 
     </span>
    </p>
   </div>
  </div>
 </body>
</html>
