<?xml version="1.0" encoding="UTF-8"?>
<!DOCTYPE html PUBLIC "-//W3C//DTD XHTML 1.0 Transitional//EN"
    "http://www.w3.org/TR/xhtml1/DTD/xhtml1-transitional.dtd">
<html xmlns="http://www.w3.org/1999/xhtml" xml:lang="en" lang="en">
 <head>
  <title>
</title>
<meta http-equiv="Content-Type" content="text/html;charset=utf-8" />
  <meta name='ocr-system' content='tesseract 3.04.00' />
  <meta name='ocr-capabilities' content='ocr_page ocr_carea ocr_par ocr_line ocrx_word'/>
</head>
<body>
  <div class='ocr_page' id='page_1' title='image "./p1f11rerumitalica17murauoft_0175.png"; bbox 0 0 2422 3684; ppageno 0'>
   <div class='ocr_carea' id='block_1_1' title="bbox 516 245 1649 282">
    <p class='ocr_par' dir='ltr' id='par_1_1' title="bbox 516 245 1649 282">
     <span class='ocr_line' id='line_1_1' title="bbox 516 245 1649 282; baseline 0.001 -1"><span class='ocrx_word' id='word_1_1' title='bbox 516 246 686 282; x_wconf 87' lang='lat' dir='ltr'>GESTA</span> <span class='ocrx_word' id='word_1_2' title='bbox 719 247 1016 282; x_wconf 90' lang='lat' dir='ltr'><strong>MAGNIFICA</strong></span> <span class='ocrx_word' id='word_1_3' title='bbox 1048 246 1231 282; x_wconf 90' lang='lat' dir='ltr'>DOMUS</span> <span class='ocrx_word' id='word_1_4' title='bbox 1261 245 1649 282; x_wconf 81' lang='lat' dir='ltr'>CARRARIENSIS</span> 
     </span>
    </p>
   </div>
   <div class='ocr_carea' id='block_1_2' title="bbox 477 379 671 412">
    <p class='ocr_par' dir='ltr' id='par_1_2' title="bbox 477 379 671 412">
     <span class='ocr_line' id='line_1_2' title="bbox 477 379 671 412; baseline -0.01 0"><span class='ocrx_word' id='word_1_5' title='bbox 477 380 614 412; x_wconf 80' lang='lat' dir='ltr'>REDAz.</span> <span class='ocrx_word' id='word_1_6' title='bbox 641 379 671 410; x_wconf 75' lang='lat' dir='ltr'><em>A</em></span> 
     </span>
    </p>
   </div>
   <div class='ocr_carea' id='block_1_3' title="bbox 150 451 998 1068">
    <p class='ocr_par' dir='ltr' id='par_1_3' title="bbox 150 451 998 1068">
     <span class='ocr_line' id='line_1_3' title="bbox 153 451 996 494; baseline -0.001 -12"><span class='ocrx_word' id='word_1_7' title='bbox 153 451 320 493; x_wconf 86' lang='lat' dir='ltr'>scriptum</span> <span class='ocrx_word' id='word_1_8' title='bbox 344 452 421 487; x_wconf 77' lang='lat' dir='ltr'>fuit,</span> <span class='ocrx_word' id='word_1_9' title='bbox 454 451 599 493; x_wconf 86' lang='lat' dir='ltr'>aliaque,</span> <span class='ocrx_word' id='word_1_10' title='bbox 631 461 732 494; x_wconf 90' lang='lat' dir='ltr'>quam</span> <span class='ocrx_word' id='word_1_11' title='bbox 757 451 791 482; x_wconf 89' lang='lat' dir='ltr'>in</span> <span class='ocrx_word' id='word_1_12' title='bbox 819 451 915 482; x_wconf 87' lang='lat' dir='ltr'>curia</span> <span class='ocrx_word' id='word_1_13' title='bbox 942 461 996 482; x_wconf 89' lang='lat' dir='ltr'>ro-</span> 
     </span>
     <span class='ocr_line' id='line_1_4' title="bbox 152 504 997 545; baseline -0.001 -9"><span class='ocrx_word' id='word_1_14' title='bbox 152 515 253 536; x_wconf 85' lang='lat' dir='ltr'>mana</span> <span class='ocrx_word' id='word_1_15' title='bbox 289 505 430 536; x_wconf 86' lang='lat' dir='ltr'>decreta</span> <span class='ocrx_word' id='word_1_16' title='bbox 460 510 568 544; x_wconf 82' lang='lat' dir='ltr'>erant,</span> <span class='ocrx_word' id='word_1_17' title='bbox 600 504 766 535; x_wconf 85' lang='lat' dir='ltr'>instanter</span> <span class='ocrx_word' id='word_1_18' title='bbox 797 504 997 545; x_wconf 83' lang='lat' dir='ltr'>petentibus</span> 
     </span>
     <span class='ocr_line' id='line_1_5' title="bbox 153 556 997 597; baseline 0 -10"><span class='ocrx_word' id='word_1_19' title='bbox 153 557 442 589; x_wconf 84' lang='lat' dir='ltr'>ambaxiatoribus</span> <span class='ocrx_word' id='word_1_20' title='bbox 476 556 584 597; x_wconf 84' lang='lat' dir='ltr'>ipsius</span> <span class='ocrx_word' id='word_1_21' title='bbox 619 556 748 587; x_wconf 89' lang='lat' dir='ltr'>domini</span> <span class='ocrx_word' id='word_1_22' title='bbox 782 556 997 588; x_wconf 88' lang='lat' dir='ltr'>Bernabonis</span> 
     </span>
     <span class='ocr_line' id='line_1_6' title="bbox 153 609 997 651; baseline -0.002 -9"><span class='ocrx_word' id='word_1_23' title='bbox 153 611 196 641; x_wconf 90' lang='lat' dir='ltr'>de</span> <span class='ocrx_word' id='word_1_24' title='bbox 228 610 358 642; x_wconf 90' lang='lat' dir='ltr'>domini</span> <span class='ocrx_word' id='word_1_25' title='bbox 382 610 488 651; x_wconf 89' lang='lat' dir='ltr'>ipsius</span> <span class='ocrx_word' id='word_1_26' title='bbox 511 609 734 641; x_wconf 84' lang='lat' dir='ltr'>conscientia.</span> <span class='ocrx_word' id='word_1_27' title='bbox 772 609 928 650; x_wconf 82' lang='lat' dir='ltr'>Indeque</span> <span class='ocrx_word' id='word_1_28' title='bbox 952 610 997 640; x_wconf 86' lang='lat' dir='ltr'>ad</span> 
     </span>
     <span class='ocr_line' id='line_1_7' title="bbox 151 662 997 706; baseline -0.002 -11"><span class='ocrx_word' id='word_1_29' title='bbox 151 664 304 706; x_wconf 85' lang='lat' dir='ltr'>legatum</span> <span class='ocrx_word' id='word_1_30' title='bbox 321 663 383 695; x_wconf 85' lang='lat' dir='ltr'>sub</span> <span class='ocrx_word' id='word_1_31' title='bbox 408 662 501 694; x_wconf 90' lang='lat' dir='ltr'>bulla</span> <span class='ocrx_word' id='word_1_32' title='bbox 524 662 641 704; x_wconf 87' lang='lat' dir='ltr'>papali</span> <span class='ocrx_word' id='word_1_33' title='bbox 662 669 695 693; x_wconf 90' lang='lat' dir='ltr'>et</span> <span class='ocrx_word' id='word_1_34' title='bbox 712 662 838 693; x_wconf 85' lang='lat' dir='ltr'>deinde</span> <span class='ocrx_word' id='word_1_35' title='bbox 864 662 907 693; x_wconf 91' lang='lat' dir='ltr'>ad</span> <span class='ocrx_word' id='word_1_36' title='bbox 925 663 997 693; x_wconf 86' lang='lat' dir='ltr'>col-</span> 
     </span>
     <span class='ocr_line' id='line_1_8' title="bbox 152 715 998 759; baseline -0.004 -11"><span class='ocrx_word' id='word_1_37' title='bbox 152 717 276 759; x_wconf 86' lang='lat' dir='ltr'>ligatos</span> <span class='ocrx_word' id='word_1_38' title='bbox 300 716 453 758; x_wconf 82' lang='lat' dir='ltr'>singulos</span> <span class='ocrx_word' id='word_1_39' title='bbox 480 721 626 757; x_wconf 86' lang='lat' dir='ltr'>portata,</span> <span class='ocrx_word' id='word_1_40' title='bbox 650 715 875 756; x_wconf 76' lang='lat' dir='ltr'>suprascripti</span> <span class='ocrx_word' id='word_1_41' title='bbox 900 716 998 746; x_wconf 88' lang='lat' dir='ltr'>colli-</span> 
     </span>
     <span class='ocr_line' id='line_1_9' title="bbox 151 768 995 813; baseline -0.002 -12"><span class='ocrx_word' id='word_1_42' title='bbox 151 775 307 813; x_wconf 85' lang='lat' dir='ltr'>gatorum</span> <span class='ocrx_word' id='word_1_43' title='bbox 333 768 586 800; x_wconf 80' lang='lat' dir='ltr'>ambaxiatores</span> <span class='ocrx_word' id='word_1_44' title='bbox 603 768 730 810; x_wconf 87' lang='lat' dir='ltr'>absque</span> <span class='ocrx_word' id='word_1_45' title='bbox 748 769 845 810; x_wconf 84' lang='lat' dir='ltr'>pacis</span> <span class='ocrx_word' id='word_1_46' title='bbox 860 768 995 799; x_wconf 76' lang='lat' dir='ltr'>effectu</span> 
     </span>
     <span class='ocr_line' id='line_1_10' title="bbox 150 821 994 863; baseline -0.004 -8"><span class='ocrx_word' id='word_1_47' title='bbox 150 823 282 855; x_wconf 85' lang='lat' dir='ltr'>remissi</span> <span class='ocrx_word' id='word_1_48' title='bbox 321 828 408 854; x_wconf 88' lang='lat' dir='ltr'>sunt.</span> <span class='ocrx_word' id='word_1_49' title='bbox 458 821 696 853; x_wconf 77' lang='lat' dir='ltr'>Pei-venerant</span> <span class='ocrx_word' id='word_1_50' title='bbox 735 828 847 853; x_wconf 86' lang='lat' dir='ltr'>tamen</span> <span class='ocrx_word' id='word_1_51' title='bbox 885 822 994 863; x_wconf 90' lang='lat' dir='ltr'>primo</span> 
     </span>
     <span class='ocr_line' id='line_1_11' title="bbox 151 874 996 908; baseline -0.004 0"><span class='ocrx_word' id='word_1_52' title='bbox 151 875 321 908; x_wconf 85' lang='lat' dir='ltr'>Cesenam</span> <span class='ocrx_word' id='word_1_53' title='bbox 356 875 610 907; x_wconf 85' lang='lat' dir='ltr'>ambaxiatores</span> <span class='ocrx_word' id='word_1_54' title='bbox 648 874 861 906; x_wconf 87' lang='lat' dir='ltr'>marchionis</span> <span class='ocrx_word' id='word_1_55' title='bbox 894 875 996 906; x_wconf 90' lang='lat' dir='ltr'>Mon-</span> 
     </span>
     <span class='ocr_line' id='line_1_12' title="bbox 150 928 994 971; baseline -0.001 -11"><span class='ocrx_word' id='word_1_56' title='bbox 150 930 319 962; x_wconf 82' lang='lat' dir='ltr'>tisferrati</span> <span class='ocrx_word' id='word_1_57' title='bbox 343 935 378 961; x_wconf 89' lang='lat' dir='ltr'>et</span> <span class='ocrx_word' id='word_1_58' title='bbox 401 929 500 960; x_wconf 85' lang='lat' dir='ltr'>ducis</span> <span class='ocrx_word' id='word_1_59' title='bbox 516 929 622 960; x_wconf 89' lang='lat' dir='ltr'>Ianne</span> <span class='ocrx_word' id='word_1_60' title='bbox 644 939 747 969; x_wconf 90' lang='lat' dir='ltr'>super</span> <span class='ocrx_word' id='word_1_61' title='bbox 763 928 994 971; x_wconf 86' lang='lat' dir='ltr'>colligacione</span> 
     </span>
     <span class='ocr_line' id='line_1_13' title="bbox 151 981 993 1024; baseline -0.001 -10"><span class='ocrx_word' id='word_1_62' title='bbox 151 993 228 1014; x_wconf 92' lang='lat' dir='ltr'>cum</span> <span class='ocrx_word' id='word_1_63' title='bbox 253 982 416 1015; x_wconf 85' lang='lat' dir='ltr'>Ecclesia</span> <span class='ocrx_word' id='word_1_64' title='bbox 439 988 472 1013; x_wconf 89' lang='lat' dir='ltr'>et</span> <span class='ocrx_word' id='word_1_65' title='bbox 489 981 671 1024; x_wconf 85' lang='lat' dir='ltr'>colligatis,</span> <span class='ocrx_word' id='word_1_66' title='bbox 688 982 784 1023; x_wconf 88' lang='lat' dir='ltr'>quod</span> <span class='ocrx_word' id='word_1_67' title='bbox 800 992 866 1013; x_wconf 89' lang='lat' dir='ltr'>nec</span> <span class='ocrx_word' id='word_1_68' title='bbox 884 981 993 1013; x_wconf 85' lang='lat' dir='ltr'>eciam</span> 
     </span>
     <span class='ocr_line' id='line_1_14' title="bbox 153 1036 466 1068; baseline -0.003 0"><span class='ocrx_word' id='word_1_69' title='bbox 153 1036 209 1068; x_wconf 79' lang='lat' dir='ltr'>fini</span> <span class='ocrx_word' id='word_1_70' title='bbox 234 1037 374 1068; x_wconf 90' lang='lat' dir='ltr'>ductum</span> <span class='ocrx_word' id='word_1_71' title='bbox 403 1041 466 1068; x_wconf 83' lang='lat' dir='ltr'>est.</span> 
     </span>
    </p>
   </div>
   <div class='ocr_carea' id='block_1_4' title="bbox 146 1141 996 2310">
    <p class='ocr_par' dir='ltr' id='par_1_4' title="bbox 146 1141 996 2310">
     <span class='ocr_line' id='line_1_15' title="bbox 240 1141 995 1183; baseline -0.001 -9"><span class='ocrx_word' id='word_1_72' title='bbox 240 1144 314 1174; x_wconf 82' lang='lat'><strong>230.</strong></span> <span class='ocrx_word' id='word_1_73' title='bbox 341 1161 380 1165; x_wconf 96' lang='lat'><strong>—</strong></span> <span class='ocrx_word' id='word_1_74' title='bbox 404 1143 484 1174; x_wconf 93' lang='lat' dir='ltr'>Hoc</span> <span class='ocrx_word' id='word_1_75' title='bbox 516 1147 672 1183; x_wconf 89' lang='lat' dir='ltr'>tempore</span> <span class='ocrx_word' id='word_1_76' title='bbox 708 1151 852 1173; x_wconf 84' lang='lat' dir='ltr'>comune</span> <span class='ocrx_word' id='word_1_77' title='bbox 878 1141 995 1173; x_wconf 87' lang='lat' dir='ltr'>Vene-</span> 
     </span>
     <span class='ocr_line' id='line_1_16' title="bbox 150 1195 994 1237; baseline -0.001 -9"><span class='ocrx_word' id='word_1_78' title='bbox 150 1197 279 1228; x_wconf 85' lang='lat' dir='ltr'>ciarum</span> <span class='ocrx_word' id='word_1_79' title='bbox 304 1195 486 1227; x_wconf 88' lang='lat' dir='ltr'>renovavit</span> <span class='ocrx_word' id='word_1_80' title='bbox 511 1195 694 1237; x_wconf 86' lang='lat' dir='ltr'>magnifico</span> <span class='ocrx_word' id='word_1_81' title='bbox 719 1195 857 1227; x_wconf 89' lang='lat' dir='ltr'>domino</span> <span class='ocrx_word' id='word_1_82' title='bbox 886 1195 994 1227; x_wconf 87' lang='lat' dir='ltr'>Fran-</span> 
     </span>
     <span class='ocr_line' id='line_1_17' title="bbox 151 1248 996 1290; baseline -0.004 -8"><span class='ocrx_word' id='word_1_83' title='bbox 151 1251 244 1282; x_wconf 86' lang='lat' dir='ltr'>cisco</span> <span class='ocrx_word' id='word_1_84' title='bbox 273 1249 399 1281; x_wconf 89' lang='lat' dir='ltr'>seniori</span> <span class='ocrx_word' id='word_1_85' title='bbox 432 1250 475 1281; x_wconf 94' lang='lat' dir='ltr'>de</span> <span class='ocrx_word' id='word_1_86' title='bbox 508 1249 670 1280; x_wconf 82' lang='lat' dir='ltr'>Carraria</span> <span class='ocrx_word' id='word_1_87' title='bbox 702 1249 878 1290; x_wconf 87' lang='lat' dir='ltr'>querelam</span> <span class='ocrx_word' id='word_1_88' title='bbox 909 1248 996 1280; x_wconf 85' lang='lat' dir='ltr'>alias</span> 
     </span>
     <span class='ocr_line' id='line_1_18' title="bbox 150 1302 994 1344; baseline 0 -10"><span class='ocrx_word' id='word_1_89' title='bbox 150 1303 215 1334; x_wconf 84' lang='lat' dir='ltr'>iam</span> <span class='ocrx_word' id='word_1_90' title='bbox 241 1303 302 1334; x_wconf 89' lang='lat' dir='ltr'>diu</span> <span class='ocrx_word' id='word_1_91' title='bbox 326 1308 463 1340; x_wconf 89' lang='lat' dir='ltr'>motam,</span> <span class='ocrx_word' id='word_1_92' title='bbox 488 1303 551 1334; x_wconf 86' lang='lat' dir='ltr'>sed</span> <span class='ocrx_word' id='word_1_93' title='bbox 575 1302 669 1344; x_wconf 81' lang='lat' dir='ltr'>longi</span> <span class='ocrx_word' id='word_1_94' title='bbox 702 1302 866 1344; x_wconf 85' lang='lat' dir='ltr'>temporis</span> <span class='ocrx_word' id='word_1_95' title='bbox 898 1302 994 1344; x_wconf 84' lang='lat' dir='ltr'>lapsu</span> 
     </span>
     <span class='ocr_line' id='line_1_19' title="bbox 150 1355 994 1398; baseline 0 -10"><span class='ocrx_word' id='word_1_96' title='bbox 150 1357 307 1398; x_wconf 79' lang='lat' dir='ltr'>sopitam.</span> <span class='ocrx_word' id='word_1_97' title='bbox 355 1356 443 1387; x_wconf 85' lang='lat' dir='ltr'>Nam</span> <span class='ocrx_word' id='word_1_98' title='bbox 467 1356 608 1397; x_wconf 89' lang='lat' dir='ltr'>quidam</span> <span class='ocrx_word' id='word_1_99' title='bbox 631 1355 857 1387; x_wconf 87' lang='lat' dir='ltr'>Venetiarum</span> <span class='ocrx_word' id='word_1_100' title='bbox 888 1366 994 1397; x_wconf 82' lang='lat' dir='ltr'>preco</span> 
     </span>
     <span class='ocr_line' id='line_1_20' title="bbox 151 1409 995 1442; baseline 0 -1"><span class='ocrx_word' id='word_1_101' title='bbox 151 1421 227 1442; x_wconf 91' lang='lat' dir='ltr'>cum</span> <span class='ocrx_word' id='word_1_102' title='bbox 251 1419 357 1441; x_wconf 83' lang='lat' dir='ltr'>uxore</span> <span class='ocrx_word' id='word_1_103' title='bbox 383 1409 560 1440; x_wconf 86' lang='lat' dir='ltr'>cuiusdam</span> <span class='ocrx_word' id='word_1_104' title='bbox 590 1409 718 1440; x_wconf 88' lang='lat' dir='ltr'>Veneti</span> <span class='ocrx_word' id='word_1_105' title='bbox 752 1409 796 1441; x_wconf 86' lang='lat' dir='ltr'>de</span> <span class='ocrx_word' id='word_1_106' title='bbox 828 1409 995 1441; x_wconf 88' lang='lat' dir='ltr'>Veneeiis</span> 
     </span>
     <span class='ocr_line' id='line_1_21' title="bbox 150 1463 994 1505; baseline -0.001 -11"><span class='ocrx_word' id='word_1_107' title='bbox 150 1463 297 1505; x_wconf 76' lang='lat' dir='ltr'>fugiens,</span> <span class='ocrx_word' id='word_1_108' title='bbox 315 1469 486 1505; x_wconf 84' lang='lat' dir='ltr'><strong>tamquam</strong></span> <span class='ocrx_word' id='word_1_109' title='bbox 509 1463 553 1493; x_wconf 88' lang='lat' dir='ltr'>ad</span> <span class='ocrx_word' id='word_1_110' title='bbox 578 1468 685 1494; x_wconf 89' lang='lat' dir='ltr'>tutum</span> <span class='ocrx_word' id='word_1_111' title='bbox 710 1468 886 1504; x_wconf 90' lang='lat' dir='ltr'>receptum</span> <span class='ocrx_word' id='word_1_112' title='bbox 911 1473 994 1495; x_wconf 88' lang='lat' dir='ltr'>con-</span> 
     </span>
     <span class='ocr_line' id='line_1_22' title="bbox 149 1516 996 1560; baseline -0.001 -12"><span class='ocrx_word' id='word_1_113' title='bbox 149 1517 280 1560; x_wconf 80' lang='lat' dir='ltr'>fugisse</span> <span class='ocrx_word' id='word_1_114' title='bbox 304 1523 439 1558; x_wconf 84' lang='lat' dir='ltr'>putans,</span> <span class='ocrx_word' id='word_1_115' title='bbox 464 1526 505 1548; x_wconf 90' lang='lat' dir='ltr'>eo</span> <span class='ocrx_word' id='word_1_116' title='bbox 530 1517 698 1558; x_wconf 86' lang='lat' dir='ltr'>pervenit,</span> <span class='ocrx_word' id='word_1_117' title='bbox 722 1516 780 1548; x_wconf 88' lang='lat' dir='ltr'>ubi</span> <span class='ocrx_word' id='word_1_118' title='bbox 797 1516 892 1548; x_wconf 89' lang='lat' dir='ltr'>locus</span> <span class='ocrx_word' id='word_1_119' title='bbox 910 1517 996 1548; x_wconf 84' lang='lat' dir='ltr'>dici-</span> 
     </span>
     <span class='ocr_line' id='line_1_23' title="bbox 149 1569 993 1612; baseline -0.002 -10"><span class='ocrx_word' id='word_1_120' title='bbox 149 1577 203 1602; x_wconf 90' lang='lat' dir='ltr'>tur</span> <span class='ocrx_word' id='word_1_121' title='bbox 225 1570 339 1602; x_wconf 83' lang='lat' dir='ltr'>sancti</span> <span class='ocrx_word' id='word_1_122' title='bbox 363 1569 469 1601; x_wconf 86' lang='lat' dir='ltr'>Illarii</span> <span class='ocrx_word' id='word_1_123' title='bbox 494 1570 673 1601; x_wconf 85' lang='lat' dir='ltr'>districtus</span> <span class='ocrx_word' id='word_1_124' title='bbox 696 1569 819 1601; x_wconf 86' lang='lat' dir='ltr'>Patavi</span> <span class='ocrx_word' id='word_1_125' title='bbox 843 1575 877 1601; x_wconf 85' lang='lat' dir='ltr'>et</span> <span class='ocrx_word' id='word_1_126' title='bbox 893 1581 993 1612; x_wconf 88' lang='lat' dir='ltr'>quem</span> 
     </span>
     <span class='ocr_line' id='line_1_24' title="bbox 150 1623 994 1665; baseline 0 -9"><span class='ocrx_word' id='word_1_127' title='bbox 150 1624 270 1657; x_wconf 87' lang='lat' dir='ltr'>Patavi</span> <span class='ocrx_word' id='word_1_128' title='bbox 302 1629 381 1655; x_wconf 89' lang='lat' dir='ltr'>ante</span> <span class='ocrx_word' id='word_1_129' title='bbox 413 1634 548 1665; x_wconf 86' lang='lat' dir='ltr'>semper</span> <span class='ocrx_word' id='word_1_130' title='bbox 579 1633 644 1655; x_wconf 88' lang='lat' dir='ltr'>ceu</span> <span class='ocrx_word' id='word_1_131' title='bbox 675 1634 734 1655; x_wconf 90' lang='lat' dir='ltr'>sue</span> <span class='ocrx_word' id='word_1_132' title='bbox 767 1623 929 1655; x_wconf 81' lang='lat' dir='ltr'>dictionis</span> <span class='ocrx_word' id='word_1_133' title='bbox 960 1630 994 1656; x_wconf 88' lang='lat' dir='ltr'>et</span> 
     </span>
     <span class='ocr_line' id='line_1_25' title="bbox 148 1677 993 1715; baseline -0.002 -5"><span class='ocrx_word' id='word_1_134' title='bbox 148 1679 231 1710; x_wconf 89' lang='lat' dir='ltr'>iuris</span> <span class='ocrx_word' id='word_1_135' title='bbox 253 1683 447 1710; x_wconf 88' lang='lat' dir='ltr'>tenuerant.</span> <span class='ocrx_word' id='word_1_136' title='bbox 495 1677 603 1715; x_wconf 85' lang='lat' dir='ltr'>Quod</span> <span class='ocrx_word' id='word_1_137' title='bbox 627 1677 774 1709; x_wconf 88' lang='lat' dir='ltr'>Venetis</span> <span class='ocrx_word' id='word_1_138' title='bbox 806 1684 924 1709; x_wconf 90' lang='lat' dir='ltr'>notum</span> <span class='ocrx_word' id='word_1_139' title='bbox 956 1683 993 1708; x_wconf 91' lang='lat' dir='ltr'>ut</span> 
     </span>
     <span class='ocr_line' id='line_1_26' title="bbox 150 1731 993 1772; baseline -0.001 -9"><span class='ocrx_word' id='word_1_140' title='bbox 150 1738 212 1770; x_wconf 83' lang='lat' dir='ltr'>est,</span> <span class='ocrx_word' id='word_1_141' title='bbox 235 1732 351 1764; x_wconf 88' lang='lat' dir='ltr'>statim</span> <span class='ocrx_word' id='word_1_142' title='bbox 368 1740 555 1772; x_wconf 86' lang='lat' dir='ltr'>preconem</span> <span class='ocrx_word' id='word_1_143' title='bbox 573 1731 686 1772; x_wconf 88' lang='lat' dir='ltr'>ipsum</span> <span class='ocrx_word' id='word_1_144' title='bbox 704 1742 781 1763; x_wconf 87' lang='lat' dir='ltr'>cum</span> <span class='ocrx_word' id='word_1_145' title='bbox 798 1741 905 1762; x_wconf 83' lang='lat' dir='ltr'>uxore</span> <span class='ocrx_word' id='word_1_146' title='bbox 924 1732 993 1762; x_wconf 85' lang='lat' dir='ltr'>Ve-</span> 
     </span>
     <span class='ocr_line' id='line_1_27' title="bbox 149 1782 992 1820; baseline 0 -4"><span class='ocrx_word' id='word_1_147' title='bbox 149 1785 221 1816; x_wconf 89' lang='lat' dir='ltr'>neti</span> <span class='ocrx_word' id='word_1_148' title='bbox 244 1791 373 1817; x_wconf 83' lang='lat' dir='ltr'>armata</span> <span class='ocrx_word' id='word_1_149' title='bbox 398 1784 431 1815; x_wconf 90' lang='lat' dir='ltr'>vi</span> <span class='ocrx_word' id='word_1_150' title='bbox 454 1784 589 1816; x_wconf 79' lang='lat' dir='ltr'>faciunt</span> <span class='ocrx_word' id='word_1_151' title='bbox 613 1785 656 1815; x_wconf 88' lang='lat' dir='ltr'>ad</span> <span class='ocrx_word' id='word_1_152' title='bbox 679 1794 715 1816; x_wconf 89' lang='lat' dir='ltr'>se</span> <span class='ocrx_word' id='word_1_153' title='bbox 740 1784 839 1816; x_wconf 88' lang='lat' dir='ltr'>trahi.</span> <span class='ocrx_word' id='word_1_154' title='bbox 887 1782 992 1820; x_wconf 87' lang='lat' dir='ltr'>Quod</span> 
     </span>
     <span class='ocr_line' id='line_1_28' title="bbox 148 1837 994 1881; baseline -0.004 -10"><span class='ocrx_word' id='word_1_155' title='bbox 148 1848 366 1881; x_wconf 73' lang='lat' dir='ltr'>cognoscens</span> <span class='ocrx_word' id='word_1_156' title='bbox 397 1843 550 1880; x_wconf 85' lang='lat' dir='ltr'>potestas</span> <span class='ocrx_word' id='word_1_157' title='bbox 573 1837 704 1875; x_wconf 80' lang='lat' dir='ltr'>padue,</span> <span class='ocrx_word' id='word_1_158' title='bbox 728 1838 830 1869; x_wconf 85' lang='lat' dir='ltr'>huius</span> <span class='ocrx_word' id='word_1_159' title='bbox 853 1838 994 1870; x_wconf 86' lang='lat' dir='ltr'>sceleris</span> 
     </span>
     <span class='ocr_line' id='line_1_29' title="bbox 147 1891 993 1933; baseline -0.001 -10"><span class='ocrx_word' id='word_1_160' title='bbox 147 1897 342 1933; x_wconf 86' lang='lat' dir='ltr'>patratores</span> <span class='ocrx_word' id='word_1_161' title='bbox 352 1891 545 1933; x_wconf 84' lang='lat' dir='ltr'>capitaliter</span> <span class='ocrx_word' id='word_1_162' title='bbox 558 1891 805 1923; x_wconf 86' lang='lat' dir='ltr'>condemnavit</span> <span class='ocrx_word' id='word_1_163' title='bbox 817 1897 993 1932; x_wconf 81' lang='lat' dir='ltr'><strong>tamquam</strong></span> 
     </span>
     <span class='ocr_line' id='line_1_30' title="bbox 147 1944 991 1977; baseline 0.001 -1"><span class='ocrx_word' id='word_1_164' title='bbox 147 1955 226 1977; x_wconf 87' lang='lat' dir='ltr'>reos</span> <span class='ocrx_word' id='word_1_165' title='bbox 249 1951 283 1977; x_wconf 92' lang='lat' dir='ltr'>et</span> <span class='ocrx_word' id='word_1_166' title='bbox 305 1945 349 1977; x_wconf 88' lang='lat' dir='ltr'>de</span> <span class='ocrx_word' id='word_1_167' title='bbox 381 1944 514 1977; x_wconf 85' lang='lat' dir='ltr'>scelere</span> <span class='ocrx_word' id='word_1_168' title='bbox 547 1946 730 1976; x_wconf 87' lang='lat' dir='ltr'>commisso</span> <span class='ocrx_word' id='word_1_169' title='bbox 762 1945 797 1975; x_wconf 84' lang='lat' dir='ltr'>in</span> <span class='ocrx_word' id='word_1_170' title='bbox 830 1945 909 1977; x_wconf 91' lang='lat' dir='ltr'>loco</span> <span class='ocrx_word' id='word_1_171' title='bbox 938 1946 991 1977; x_wconf 90' lang='lat' dir='ltr'>di-</span> 
     </span>
     <span class='ocr_line' id='line_1_31' title="bbox 148 1999 990 2040; baseline 0.001 -10"><span class='ocrx_word' id='word_1_172' title='bbox 148 1999 240 2030; x_wconf 87' lang='lat' dir='ltr'>cioni</span> <span class='ocrx_word' id='word_1_173' title='bbox 263 2005 388 2040; x_wconf 86' lang='lat' dir='ltr'>patave</span> <span class='ocrx_word' id='word_1_174' title='bbox 406 2000 596 2040; x_wconf 83' lang='lat' dir='ltr'>supposito.</span> <span class='ocrx_word' id='word_1_175' title='bbox 629 1999 701 2030; x_wconf 89' lang='lat' dir='ltr'>Sed</span> <span class='ocrx_word' id='word_1_176' title='bbox 718 2010 796 2030; x_wconf 86' lang='lat' dir='ltr'>mox</span> <span class='ocrx_word' id='word_1_177' title='bbox 814 1999 857 2030; x_wconf 87' lang='lat' dir='ltr'>de</span> <span class='ocrx_word' id='word_1_178' title='bbox 876 1999 990 2031; x_wconf 88' lang='lat' dir='ltr'>Vene-</span> 
     </span>
     <span class='ocr_line' id='line_1_32' title="bbox 148 2052 991 2095; baseline 0.001 -12"><span class='ocrx_word' id='word_1_179' title='bbox 148 2052 211 2083; x_wconf 86' lang='lat' dir='ltr'>ciis</span> <span class='ocrx_word' id='word_1_180' title='bbox 235 2062 350 2083; x_wconf 87' lang='lat' dir='ltr'>coram</span> <span class='ocrx_word' id='word_1_181' title='bbox 374 2053 558 2095; x_wconf 83' lang='lat' dir='ltr'>magnifico</span> <span class='ocrx_word' id='word_1_182' title='bbox 576 2052 717 2084; x_wconf 90' lang='lat' dir='ltr'>domino</span> <span class='ocrx_word' id='word_1_183' title='bbox 742 2052 930 2085; x_wconf 86' lang='lat' dir='ltr'>Francisco</span> <span class='ocrx_word' id='word_1_184' title='bbox 948 2053 991 2084; x_wconf 88' lang='lat' dir='ltr'>de</span> 
     </span>
     <span class='ocr_line' id='line_1_33' title="bbox 147 2104 990 2138; baseline 0 -2"><span class='ocrx_word' id='word_1_185' title='bbox 147 2104 309 2137; x_wconf 85' lang='lat' dir='ltr'>Carraria</span> <span class='ocrx_word' id='word_1_186' title='bbox 332 2105 476 2137; x_wconf 83' lang='lat' dir='ltr'>nuncius</span> <span class='ocrx_word' id='word_1_187' title='bbox 508 2106 662 2137; x_wconf 81' lang='lat' dir='ltr'>comunis</span> <span class='ocrx_word' id='word_1_188' title='bbox 688 2106 918 2138; x_wconf 80' lang='lat' dir='ltr'>Veneciarum</span> <span class='ocrx_word' id='word_1_189' title='bbox 947 2105 990 2136; x_wconf 92' lang='lat' dir='ltr'>de</span> 
     </span>
     <span class='ocr_line' id='line_1_34' title="bbox 148 2159 990 2200; baseline 0.001 -11"><span class='ocrx_word' id='word_1_190' title='bbox 148 2159 344 2191; x_wconf 86' lang='lat' dir='ltr'>huiusmodi</span> <span class='ocrx_word' id='word_1_191' title='bbox 368 2159 493 2190; x_wconf 86' lang='lat' dir='ltr'>iniuria</span> <span class='ocrx_word' id='word_1_192' title='bbox 509 2166 718 2200; x_wconf 82' lang='lat' dir='ltr'>protestatus</span> <span class='ocrx_word' id='word_1_193' title='bbox 735 2167 795 2195; x_wconf 76' lang='lat' dir='ltr'>est,</span> <span class='ocrx_word' id='word_1_194' title='bbox 814 2169 879 2190; x_wconf 89' lang='lat' dir='ltr'>nec</span> <span class='ocrx_word' id='word_1_195' title='bbox 896 2159 990 2191; x_wconf 89' lang='lat' dir='ltr'>aliud</span> 
     </span>
     <span class='ocr_line' id='line_1_35' title="bbox 148 2213 988 2255; baseline 0.002 -12"><span class='ocrx_word' id='word_1_196' title='bbox 148 2223 191 2244; x_wconf 84' lang='lat' dir='ltr'>ex</span> <span class='ocrx_word' id='word_1_197' title='bbox 213 2213 280 2244; x_wconf 90' lang='lat' dir='ltr'>hoc</span> <span class='ocrx_word' id='word_1_198' title='bbox 304 2219 388 2245; x_wconf 90' lang='lat' dir='ltr'>tunc</span> <span class='ocrx_word' id='word_1_199' title='bbox 401 2214 603 2245; x_wconf 85' lang='lat' dir='ltr'>innovatum</span> <span class='ocrx_word' id='word_1_200' title='bbox 622 2220 683 2250; x_wconf 87' lang='lat' dir='ltr'>est,</span> <span class='ocrx_word' id='word_1_201' title='bbox 702 2214 767 2244; x_wconf 88' lang='lat' dir='ltr'>nisi</span> <span class='ocrx_word' id='word_1_202' title='bbox 791 2213 883 2255; x_wconf 87' lang='lat' dir='ltr'>quod</span> <span class='ocrx_word' id='word_1_203' title='bbox 908 2214 988 2245; x_wconf 89' lang='lat' dir='ltr'>hinc</span> 
     </span>
     <span class='ocr_line' id='line_1_36' title="bbox 146 2266 966 2310; baseline 0.002 -13"><span class='ocrx_word' id='word_1_204' title='bbox 146 2267 225 2297; x_wconf 88' lang='lat' dir='ltr'>inde</span> <span class='ocrx_word' id='word_1_205' title='bbox 249 2266 301 2297; x_wconf 91' lang='lat' dir='ltr'>ius</span> <span class='ocrx_word' id='word_1_206' title='bbox 325 2266 468 2310; x_wconf 87' lang='lat' dir='ltr'>quisque</span> <span class='ocrx_word' id='word_1_207' title='bbox 491 2277 588 2298; x_wconf 90' lang='lat' dir='ltr'>suum</span> <span class='ocrx_word' id='word_1_208' title='bbox 612 2267 728 2299; x_wconf 87' lang='lat' dir='ltr'>verbis</span> <span class='ocrx_word' id='word_1_209' title='bbox 750 2274 880 2300; x_wconf 82' lang='lat' dir='ltr'>tutatus</span> <span class='ocrx_word' id='word_1_210' title='bbox 904 2274 966 2299; x_wconf 86' lang='lat' dir='ltr'>est.</span> 
     </span>
    </p>
   </div>
   <div class='ocr_carea' id='block_1_5' title="bbox 142 2533 987 2898">
    <p class='ocr_par' dir='ltr' id='par_1_5' title="bbox 142 2533 987 2898">
     <span class='ocr_line' id='line_1_37' title="bbox 233 2533 987 2575; baseline 0 -10"><span class='ocrx_word' id='word_1_211' title='bbox 233 2535 308 2566; x_wconf 84' lang='grc'><strong>231.</strong></span> <span class='ocrx_word' id='word_1_212' title='bbox 332 2552 375 2556; x_wconf 94' lang='grc'>-</span> <span class='ocrx_word' id='word_1_213' title='bbox 398 2533 475 2565; x_wconf 92' lang='lat' dir='ltr'>Hoc</span> <span class='ocrx_word' id='word_1_214' title='bbox 498 2539 667 2575; x_wconf 90' lang='lat' dir='ltr'>tempore,</span> <span class='ocrx_word' id='word_1_215' title='bbox 681 2534 846 2566; x_wconf 86' lang='lat' dir='ltr'>videlicet</span> <span class='ocrx_word' id='word_1_216' title='bbox 860 2534 895 2566; x_wconf 89' lang='lat' dir='ltr'>in</span> <span class='ocrx_word' id='word_1_217' title='bbox 913 2534 987 2565; x_wconf 86' lang='lat' dir='ltr'>mil-</span> 
     </span>
     <span class='ocr_line' id='line_1_38' title="bbox 145 2587 987 2625; baseline 0.002 -7"><span class='ocrx_word' id='word_1_218' title='bbox 145 2587 264 2619; x_wconf 87' lang='lat' dir='ltr'>lesimo</span> <span class='ocrx_word' id='word_1_219' title='bbox 281 2587 542 2619; x_wconf 88' lang='lat' dir='ltr'>trecentessimo</span> <span class='ocrx_word' id='word_1_220' title='bbox 558 2588 674 2620; x_wconf 92' lang='lat' dir='ltr'>LXIII</span> <span class='ocrx_word' id='word_1_221' title='bbox 687 2588 831 2620; x_wconf 89' lang='lat' dir='ltr'>illustris</span> <span class='ocrx_word' id='word_1_222' title='bbox 854 2588 987 2625; x_wconf 87' lang='lat' dir='ltr'>Petrus,</span> 
     </span>
     <span class='ocr_line' id='line_1_39' title="bbox 143 2640 986 2684; baseline 0.002 -14"><span class='ocrx_word' id='word_1_223' title='bbox 143 2651 204 2671; x_wconf 85' lang='lat' dir='ltr'>rex</span> <span class='ocrx_word' id='word_1_224' title='bbox 235 2640 344 2682; x_wconf 82' lang='lat' dir='ltr'>cipri,</span> <span class='ocrx_word' id='word_1_225' title='bbox 376 2651 454 2671; x_wconf 88' lang='lat' dir='ltr'>cum</span> <span class='ocrx_word' id='word_1_226' title='bbox 484 2641 592 2683; x_wconf 84' lang='lat' dir='ltr'>galeis</span> <span class='ocrx_word' id='word_1_227' title='bbox 626 2649 770 2684; x_wconf 85' lang='lat' dir='ltr'>quatuor</span> <span class='ocrx_word' id='word_1_228' title='bbox 804 2642 986 2683; x_wconf 85' lang='lat' dir='ltr'>multisque</span> 
     </span>
     <span class='ocr_line' id='line_1_40' title="bbox 144 2693 986 2737; baseline 0.002 -13"><span class='ocrx_word' id='word_1_229' title='bbox 144 2693 357 2725; x_wconf 87' lang='lat' dir='ltr'>Venetorum</span> <span class='ocrx_word' id='word_1_230' title='bbox 381 2694 542 2737; x_wconf 83' lang='lat' dir='ltr'>navigiis,</span> <span class='ocrx_word' id='word_1_231' title='bbox 555 2695 671 2727; x_wconf 83' lang='lat' dir='ltr'>multis</span> <span class='ocrx_word' id='word_1_232' title='bbox 694 2702 730 2729; x_wconf 87' lang='lat' dir='ltr'>et</span> <span class='ocrx_word' id='word_1_233' title='bbox 753 2696 867 2728; x_wconf 89' lang='lat' dir='ltr'>multis</span> <span class='ocrx_word' id='word_1_234' title='bbox 882 2696 986 2736; x_wconf 86' lang='lat' dir='ltr'>stipa-</span> 
     </span>
     <span class='ocr_line' id='line_1_41' title="bbox 144 2746 987 2792; baseline 0.002 -14"><span class='ocrx_word' id='word_1_235' title='bbox 144 2753 197 2778; x_wconf 81' lang='lat' dir='ltr'>tus</span> <span class='ocrx_word' id='word_1_236' title='bbox 228 2746 392 2778; x_wconf 84' lang='lat' dir='ltr'>militibus</span> <span class='ocrx_word' id='word_1_237' title='bbox 423 2747 666 2792; x_wconf 82' lang='lat' dir='ltr'>nobilibusque</span> <span class='ocrx_word' id='word_1_238' title='bbox 698 2749 786 2787; x_wconf 81' lang='lat' dir='ltr'>aliis,</span> <span class='ocrx_word' id='word_1_239' title='bbox 813 2750 857 2782; x_wconf 90' lang='lat' dir='ltr'>de</span> <span class='ocrx_word' id='word_1_240' title='bbox 882 2748 987 2790; x_wconf 88' lang='lat' dir='ltr'>Cipro</span> 
     </span>
     <span class='ocr_line' id='line_1_42' title="bbox 142 2801 986 2845; baseline 0.002 -14"><span class='ocrx_word' id='word_1_241' title='bbox 142 2801 318 2832; x_wconf 88' lang='lat' dir='ltr'>Venecias</span> <span class='ocrx_word' id='word_1_242' title='bbox 334 2801 438 2832; x_wconf 85' lang='lat' dir='ltr'>venit.</span> <span class='ocrx_word' id='word_1_243' title='bbox 470 2801 577 2839; x_wconf 85' lang='lat' dir='ltr'>Quod</span> <span class='ocrx_word' id='word_1_244' title='bbox 594 2808 629 2834; x_wconf 87' lang='lat' dir='ltr'>ut</span> <span class='ocrx_word' id='word_1_245' title='bbox 645 2803 829 2845; x_wconf 86' lang='lat' dir='ltr'>magnifico</span> <span class='ocrx_word' id='word_1_246' title='bbox 847 2803 986 2835; x_wconf 92' lang='lat' dir='ltr'>domino</span> 
     </span>
     <span class='ocr_line' id='line_1_43' title="bbox 143 2855 985 2898; baseline 0.002 -12"><span class='ocrx_word' id='word_1_247' title='bbox 143 2855 331 2887; x_wconf 84' lang='lat' dir='ltr'>Francisco</span> <span class='ocrx_word' id='word_1_248' title='bbox 356 2855 399 2887; x_wconf 83' lang='lat' dir='ltr'>de</span> <span class='ocrx_word' id='word_1_249' title='bbox 431 2855 593 2887; x_wconf 85' lang='lat' dir='ltr'>Carraria</span> <span class='ocrx_word' id='word_1_250' title='bbox 616 2858 813 2888; x_wconf 86' lang='lat' dir='ltr'>nunciatum</span> <span class='ocrx_word' id='word_1_251' title='bbox 842 2863 903 2894; x_wconf 87' lang='lat' dir='ltr'>est,</span> <span class='ocrx_word' id='word_1_252' title='bbox 929 2857 985 2898; x_wconf 83' lang='lat' dir='ltr'>qui</span> 
     </span>
    </p>
   </div>
   <div class='ocr_carea' id='block_1_6' title="bbox 230 3002 451 3031">
    <p class='ocr_par' dir='ltr' id='par_1_6' title="bbox 230 3002 451 3031">
     <span class='ocr_line' id='line_1_44' title="bbox 230 3002 451 3031; baseline 0 -7"><span class='ocrx_word' id='word_1_253' title='bbox 230 3007 271 3031; x_wconf 87' lang='lat'>25.</span> <span class='ocrx_word' id='word_1_254' title='bbox 292 3002 395 3025; x_wconf 75' lang='lat' dir='ltr'>statum</span> <span class='ocrx_word' id='word_1_255' title='bbox 417 3002 451 3024; x_wconf 79' lang='lat' dir='ltr'><em>M</em></span> 
     </span>
    </p>
   </div>
   <div class='ocr_carea' id='block_1_7' title="bbox 1027 379 1033 962">
    <p class='ocr_par' dir='ltr' id='par_1_7' title="bbox 1027 379 1033 962">
     <span class='ocr_line' id='line_1_45' title="bbox 1027 379 1033 962; baseline 0 0"><span class='ocrx_word' id='word_1_256' title='bbox 1027 379 1033 962; x_wconf 95' lang='lat' dir='ltr'> </span> 
     </span>
    </p>
   </div>
   <div class='ocr_carea' id='block_1_8' title="bbox 1019 1529 1031 2925">
    <p class='ocr_par' dir='ltr' id='par_1_8' title="bbox 1019 1529 1031 2925">
     <span class='ocr_line' id='line_1_46' title="bbox 1019 1529 1031 2925; baseline 0 0"><span class='ocrx_word' id='word_1_257' title='bbox 1019 1529 1031 2925; x_wconf 95' lang='lat' dir='ltr'> </span> 
     </span>
    </p>
   </div>
   <div class='ocr_carea' id='block_1_9' title="bbox 1065 877 1101 907">
    <p class='ocr_par' dir='ltr' id='par_1_9' title="bbox 1065 877 1101 907">
     <span class='ocr_line' id='line_1_47' title="bbox 1065 877 1101 907; baseline 0.028 -1"><span class='ocrx_word' id='word_1_258' title='bbox 1065 877 1101 907; x_wconf 95' lang='grc'>10</span> 
     </span>
    </p>
   </div>
   <div class='ocr_carea' id='block_1_10' title="bbox 1063 1200 1097 1231">
    <p class='ocr_par' dir='ltr' id='par_1_10' title="bbox 1063 1200 1097 1231">
     <span class='ocr_line' id='line_1_48' title="bbox 1063 1200 1097 1231; baseline -0.029 0"><span class='ocrx_word' id='word_1_259' title='bbox 1063 1200 1097 1231; x_wconf 88' lang='grc'>15</span> 
     </span>
    </p>
   </div>
   <div class='ocr_carea' id='block_1_11' title="bbox 1059 1468 1099 1498">
    <p class='ocr_par' dir='ltr' id='par_1_11' title="bbox 1059 1468 1099 1498">
     <span class='ocr_line' id='line_1_49' title="bbox 1059 1468 1099 1498; baseline -0.025 0"><span class='ocrx_word' id='word_1_260' title='bbox 1059 1468 1099 1498; x_wconf 85' lang='grc'>20</span> 
     </span>
    </p>
   </div>
   <div class='ocr_carea' id='block_1_12' title="bbox 1058 1743 1098 1773">
    <p class='ocr_par' dir='ltr' id='par_1_12' title="bbox 1058 1743 1098 1773">
     <span class='ocr_line' id='line_1_50' title="bbox 1058 1743 1098 1773; baseline 0 0"><span class='ocrx_word' id='word_1_261' title='bbox 1058 1743 1098 1773; x_wconf 85' lang='lat'>25</span> 
     </span>
    </p>
   </div>
   <div class='ocr_carea' id='block_1_13' title="bbox 1056 2002 1096 2033">
    <p class='ocr_par' dir='ltr' id='par_1_13' title="bbox 1056 2002 1096 2033">
     <span class='ocr_line' id='line_1_51' title="bbox 1056 2002 1096 2033; baseline -0.05 0"><span class='ocrx_word' id='word_1_262' title='bbox 1056 2002 1096 2033; x_wconf 91' lang='grc'>30</span> 
     </span>
    </p>
   </div>
   <div class='ocr_carea' id='block_1_14' title="bbox 1053 2266 1093 2296">
    <p class='ocr_par' dir='ltr' id='par_1_14' title="bbox 1053 2266 1093 2296">
     <span class='ocr_line' id='line_1_52' title="bbox 1053 2266 1093 2296; baseline 0 0"><span class='ocrx_word' id='word_1_263' title='bbox 1053 2266 1093 2296; x_wconf 87' lang='grc'>35</span> 
     </span>
    </p>
   </div>
   <div class='ocr_carea' id='block_1_15' title="bbox 1053 2590 1093 2619">
    <p class='ocr_par' dir='ltr' id='par_1_15' title="bbox 1053 2590 1093 2619">
     <span class='ocr_line' id='line_1_53' title="bbox 1053 2590 1093 2619; baseline 0 0"><span class='ocrx_word' id='word_1_264' title='bbox 1053 2590 1093 2619; x_wconf 87' lang='grc'>40</span> 
     </span>
    </p>
   </div>
   <div class='ocr_carea' id='block_1_16' title="bbox 1051 2852 1090 2883">
    <p class='ocr_par' dir='ltr' id='par_1_16' title="bbox 1051 2852 1090 2883">
     <span class='ocr_line' id='line_1_54' title="bbox 1051 2852 1090 2883; baseline 0.026 -1"><span class='ocrx_word' id='word_1_265' title='bbox 1051 2852 1090 2883; x_wconf 79' lang='grc'>45</span> 
     </span>
    </p>
   </div>
   <div class='ocr_carea' id='block_1_17' title="bbox 1117 378 1129 1593">
    <p class='ocr_par' dir='ltr' id='par_1_17' title="bbox 1117 378 1129 1593">
     <span class='ocr_line' id='line_1_55' title="bbox 1117 378 1129 1593; baseline 0 0"><span class='ocrx_word' id='word_1_266' title='bbox 1117 378 1129 1593; x_wconf 95' lang='lat' dir='ltr'> </span> 
     </span>
    </p>
   </div>
   <div class='ocr_carea' id='block_1_18' title="bbox 1481 379 1682 411">
    <p class='ocr_par' dir='ltr' id='par_1_18' title="bbox 1481 379 1682 411">
     <span class='ocr_line' id='line_1_56' title="bbox 1481 379 1682 411; baseline 0 0"><span class='ocrx_word' id='word_1_267' title='bbox 1481 379 1621 411; x_wconf 72' lang='lat' dir='ltr'>REnAz.</span> <span class='ocrx_word' id='word_1_268' title='bbox 1648 380 1682 411; x_wconf 89' lang='lat' dir='ltr'><em>D</em></span> 
     </span>
    </p>
   </div>
   <div class='ocr_carea' id='block_1_19' title="bbox 1155 450 2001 909">
    <p class='ocr_par' dir='ltr' id='par_1_19' title="bbox 1155 450 2001 909">
     <span class='ocr_line' id='line_1_57' title="bbox 1159 450 2001 491; baseline 0 -10"><span class='ocrx_word' id='word_1_269' title='bbox 1159 451 1294 482; x_wconf 79' lang='lat' dir='ltr'>benche</span> <span class='ocrx_word' id='word_1_270' title='bbox 1312 461 1379 483; x_wconf 91' lang='lat' dir='ltr'>con</span> <span class='ocrx_word' id='word_1_271' title='bbox 1395 451 1527 483; x_wconf 85' lang='lat' dir='ltr'>lectere</span> <span class='ocrx_word' id='word_1_272' title='bbox 1545 450 1669 487; x_wconf 51' lang='lat' dir='ltr'>deiide,</span> <span class='ocrx_word' id='word_1_273' title='bbox 1687 462 1748 491; x_wconf 88' lang='lat' dir='ltr'>per</span> <span class='ocrx_word' id='word_1_274' title='bbox 1765 457 1893 482; x_wconf 83' lang='lat' dir='ltr'>tractar</span> <span class='ocrx_word' id='word_1_275' title='bbox 1911 450 2001 482; x_wconf 83' lang='lat' dir='ltr'>della</span> 
     </span>
     <span class='ocr_line' id='line_1_58' title="bbox 1159 503 1999 546; baseline 0 -11"><span class='ocrx_word' id='word_1_276' title='bbox 1159 503 1253 535; x_wconf 80' lang='lat' dir='ltr'>dicta</span> <span class='ocrx_word' id='word_1_277' title='bbox 1269 515 1364 545; x_wconf 87' lang='lat' dir='ltr'>pase,</span> <span class='ocrx_word' id='word_1_278' title='bbox 1389 504 1432 535; x_wconf 89' lang='lat' dir='ltr'>de</span> <span class='ocrx_word' id='word_1_279' title='bbox 1457 503 1489 535; x_wconf 67' lang='lat' dir='ltr'>la</span> <span class='ocrx_word' id='word_1_280' title='bbox 1505 510 1539 535; x_wconf 91' lang='lat' dir='ltr'>et</span> <span class='ocrx_word' id='word_1_281' title='bbox 1557 504 1600 535; x_wconf 89' lang='lat' dir='ltr'>de</span> <span class='ocrx_word' id='word_1_282' title='bbox 1615 515 1680 545; x_wconf 81' lang='lat' dir='ltr'>qua</span> <span class='ocrx_word' id='word_1_283' title='bbox 1698 504 1734 535; x_wconf 77' lang='lat' dir='ltr'>fo</span> <span class='ocrx_word' id='word_1_284' title='bbox 1750 504 1878 546; x_wconf 87' lang='lat' dir='ltr'>scripte</span> <span class='ocrx_word' id='word_1_285' title='bbox 1895 505 1999 536; x_wconf 80' lang='lat' dir='ltr'>molto</span> 
     </span>
     <span class='ocr_line' id='line_1_59' title="bbox 1157 556 1999 596; baseline -0.001 -8"><span class='ocrx_word' id='word_1_286' title='bbox 1157 564 1191 589; x_wconf 90' lang='lat' dir='ltr'>et</span> <span class='ocrx_word' id='word_1_287' title='bbox 1216 558 1321 589; x_wconf 86' lang='lat' dir='ltr'>molte</span> <span class='ocrx_word' id='word_1_288' title='bbox 1346 568 1436 596; x_wconf 86' lang='lat' dir='ltr'>cose,</span> <span class='ocrx_word' id='word_1_289' title='bbox 1454 556 1588 589; x_wconf 77' lang='lat' dir='ltr'>benche</span> <span class='ocrx_word' id='word_1_290' title='bbox 1606 557 1672 588; x_wconf 87' lang='lat' dir='ltr'>alle</span> <span class='ocrx_word' id='word_1_291' title='bbox 1692 558 1757 587; x_wconf 79' lang='lat' dir='ltr'>tine</span> <span class='ocrx_word' id='word_1_292' title='bbox 1774 558 1785 588; x_wconf 93' lang='lat' dir='ltr'>i</span> <span class='ocrx_word' id='word_1_293' title='bbox 1804 557 1999 588; x_wconf 84' lang='lat' dir='ltr'>ambaxaori</span> 
     </span>
     <span class='ocr_line' id='line_1_60' title="bbox 1158 610 1999 652; baseline -0.002 -10"><span class='ocrx_word' id='word_1_294' title='bbox 1158 612 1201 643; x_wconf 89' lang='lat' dir='ltr'>de</span> <span class='ocrx_word' id='word_1_295' title='bbox 1233 612 1382 642; x_wconf 83' lang='lat' dir='ltr'>zasehun</span> <span class='ocrx_word' id='word_1_296' title='bbox 1414 611 1450 642; x_wconf 83' lang='lat' dir='ltr'>fo</span> <span class='ocrx_word' id='word_1_297' title='bbox 1481 610 1647 642; x_wconf 66' lang='lat' dir='ltr'>remanda</span> <span class='ocrx_word' id='word_1_298' title='bbox 1678 620 1780 652; x_wconf 68' lang='lat' dir='ltr'>semea</span> <span class='ocrx_word' id='word_1_299' title='bbox 1816 621 1909 650; x_wconf 79' lang='lat' dir='ltr'>pase.</span> <span class='ocrx_word' id='word_1_300' title='bbox 1955 611 1999 641; x_wconf 87' lang='lat' dir='ltr'>Et</span> 
     </span>
     <span class='ocr_line' id='line_1_61' title="bbox 1157 664 2000 707; baseline 0.001 -13"><span class='ocrx_word' id='word_1_301' title='bbox 1157 673 1287 695; x_wconf 84' lang='lat' dir='ltr'>ancora</span> <span class='ocrx_word' id='word_1_302' title='bbox 1312 675 1369 695; x_wconf 88' lang='lat' dir='ltr'>era</span> <span class='ocrx_word' id='word_1_303' title='bbox 1393 664 1546 707; x_wconf 80' lang='lat' dir='ltr'>vignudo</span> <span class='ocrx_word' id='word_1_304' title='bbox 1571 675 1590 694; x_wconf 85' lang='lat' dir='ltr'>a</span> <span class='ocrx_word' id='word_1_305' title='bbox 1613 664 1745 696; x_wconf 67' lang='lat' dir='ltr'>Cesena</span> <span class='ocrx_word' id='word_1_306' title='bbox 1769 664 1780 694; x_wconf 84' lang='lat' dir='ltr'>i</span> <span class='ocrx_word' id='word_1_307' title='bbox 1804 664 2000 695; x_wconf 79' lang='lat' dir='ltr'>ambaxaori</span> 
     </span>
     <span class='ocr_line' id='line_1_62' title="bbox 1158 717 1999 749; baseline -0.002 0"><span class='ocrx_word' id='word_1_308' title='bbox 1158 717 1215 749; x_wconf 90' lang='lat' dir='ltr'>del</span> <span class='ocrx_word' id='word_1_309' title='bbox 1239 718 1420 749; x_wconf 86' lang='lat' dir='ltr'>marchese</span> <span class='ocrx_word' id='word_1_310' title='bbox 1442 718 1498 749; x_wconf 89' lang='lat' dir='ltr'>del</span> <span class='ocrx_word' id='word_1_311' title='bbox 1523 717 1685 749; x_wconf 68' lang='lat' dir='ltr'>Monferii</span> <span class='ocrx_word' id='word_1_312' title='bbox 1712 723 1745 748; x_wconf 90' lang='lat' dir='ltr'>et</span> <span class='ocrx_word' id='word_1_313' title='bbox 1769 717 1825 748; x_wconf 90' lang='lat' dir='ltr'>del</span> <span class='ocrx_word' id='word_1_314' title='bbox 1851 718 1935 748; x_wconf 80' lang='lat' dir='ltr'>cluse</span> <span class='ocrx_word' id='word_1_315' title='bbox 1957 717 1999 748; x_wconf 92' lang='lat' dir='ltr'>de</span> 
     </span>
     <span class='ocr_line' id='line_1_63' title="bbox 1157 770 2001 814; baseline -0.002 -13"><span class='ocrx_word' id='word_1_316' title='bbox 1157 770 1277 814; x_wconf 67' lang='lat' dir='ltr'>Cenoa</span> <span class='ocrx_word' id='word_1_317' title='bbox 1301 781 1362 812; x_wconf 85' lang='lat' dir='ltr'>per</span> <span class='ocrx_word' id='word_1_318' title='bbox 1385 771 1513 813; x_wconf 79' lang='lat' dir='ltr'>ligarse</span> <span class='ocrx_word' id='word_1_319' title='bbox 1539 781 1605 802; x_wconf 91' lang='lat' dir='ltr'>con</span> <span class='ocrx_word' id='word_1_320' title='bbox 1629 771 1662 802; x_wconf 88' lang='lat' dir='ltr'>la</span> <span class='ocrx_word' id='word_1_321' title='bbox 1686 770 1815 802; x_wconf 86' lang='lat' dir='ltr'>Ghiesa</span> <span class='ocrx_word' id='word_1_322' title='bbox 1840 776 1871 801; x_wconf 76' lang='lat' dir='ltr'>et</span> <span class='ocrx_word' id='word_1_323' title='bbox 1897 781 1964 802; x_wconf 91' lang='lat' dir='ltr'>con</span> <span class='ocrx_word' id='word_1_324' title='bbox 1990 770 2001 799; x_wconf 89' lang='lat' dir='ltr'>i</span> 
     </span>
     <span class='ocr_line' id='line_1_64' title="bbox 1155 824 2000 867; baseline -0.001 -12"><span class='ocrx_word' id='word_1_325' title='bbox 1155 835 1191 856; x_wconf 90' lang='lat' dir='ltr'>so</span> <span class='ocrx_word' id='word_1_326' title='bbox 1219 824 1355 867; x_wconf 73' lang='lat' dir='ltr'>colliga,</span> <span class='ocrx_word' id='word_1_327' title='bbox 1380 825 1412 856; x_wconf 88' lang='lat' dir='ltr'>la</span> <span class='ocrx_word' id='word_1_328' title='bbox 1437 824 1517 866; x_wconf 84' lang='lat' dir='ltr'>qual</span> <span class='ocrx_word' id='word_1_329' title='bbox 1542 834 1623 856; x_wconf 85' lang='lat' dir='ltr'>cosa</span> <span class='ocrx_word' id='word_1_330' title='bbox 1655 824 1804 855; x_wconf 87' lang='lat' dir='ltr'>etiandio</span> <span class='ocrx_word' id='word_1_331' title='bbox 1837 834 1881 855; x_wconf 89' lang='lat' dir='ltr'>no</span> <span class='ocrx_word' id='word_1_332' title='bbox 1913 824 2000 855; x_wconf 82' lang='lat' dir='ltr'>have</span> 
     </span>
     <span class='ocr_line' id='line_1_65' title="bbox 1157 878 1300 909; baseline -0.007 -1"><span class='ocrx_word' id='word_1_333' title='bbox 1157 878 1300 909; x_wconf 75' lang='lat' dir='ltr'>effecto.</span> 
     </span>
    </p>
   </div>
   <div class='ocr_carea' id='block_1_20' title="bbox 1149 1142 1999 2465">
    <p class='ocr_par' dir='ltr' id='par_1_20' title="bbox 1149 1142 1999 2465">
     <span class='ocr_line' id='line_1_66' title="bbox 1244 1142 1998 1184; baseline -0.001 -10"><span class='ocrx_word' id='word_1_334' title='bbox 1244 1144 1320 1175; x_wconf 84' lang='lat'>230.</span> <span class='ocrx_word' id='word_1_335' title='bbox 1344 1161 1384 1165; x_wconf 91' lang='grc'>-</span> <span class='ocrx_word' id='word_1_336' title='bbox 1411 1143 1464 1174; x_wconf 87' lang='lat' dir='ltr'>En</span> <span class='ocrx_word' id='word_1_337' title='bbox 1490 1148 1612 1184; x_wconf 87' lang='lat' dir='ltr'>questo</span> <span class='ocrx_word' id='word_1_338' title='bbox 1630 1148 1746 1184; x_wconf 82' lang='lat' dir='ltr'>tempo</span> <span class='ocrx_word' id='word_1_339' title='bbox 1764 1142 1795 1173; x_wconf 89' lang='lat' dir='ltr'>el</span> <span class='ocrx_word' id='word_1_340' title='bbox 1812 1153 1937 1174; x_wconf 87' lang='lat' dir='ltr'>comun</span> <span class='ocrx_word' id='word_1_341' title='bbox 1955 1143 1998 1173; x_wconf 92' lang='lat' dir='ltr'>de</span> 
     </span>
     <span class='ocr_line' id='line_1_67' title="bbox 1155 1195 1999 1238; baseline -0.002 -10"><span class='ocrx_word' id='word_1_342' title='bbox 1155 1196 1306 1228; x_wconf 83' lang='lat' dir='ltr'>Venesia</span> <span class='ocrx_word' id='word_1_343' title='bbox 1330 1197 1460 1228; x_wconf 80' lang='lat' dir='ltr'>renovo</span> <span class='ocrx_word' id='word_1_344' title='bbox 1477 1196 1509 1227; x_wconf 91' lang='lat' dir='ltr'>al</span> <span class='ocrx_word' id='word_1_345' title='bbox 1528 1196 1711 1238; x_wconf 80' lang='lat' dir='ltr'>magnifico</span> <span class='ocrx_word' id='word_1_346' title='bbox 1734 1195 1850 1238; x_wconf 88' lang='lat' dir='ltr'>signor</span> <span class='ocrx_word' id='word_1_347' title='bbox 1874 1196 1999 1226; x_wconf 89' lang='lat' dir='ltr'>mesier</span> 
     </span>
     <span class='ocr_line' id='line_1_68' title="bbox 1155 1249 1997 1292; baseline -0.002 -11"><span class='ocrx_word' id='word_1_348' title='bbox 1155 1249 1437 1291; x_wconf 44' lang='lat' dir='ltr'>Francescoffuna</span> <span class='ocrx_word' id='word_1_349' title='bbox 1453 1249 1593 1292; x_wconf 85' lang='lat' dir='ltr'>querela</span> <span class='ocrx_word' id='word_1_350' title='bbox 1611 1250 1699 1281; x_wconf 82' lang='lat' dir='ltr'>altra</span> <span class='ocrx_word' id='word_1_351' title='bbox 1715 1249 1808 1280; x_wconf 83' lang='lat' dir='ltr'>volta</span> <span class='ocrx_word' id='word_1_352' title='bbox 1832 1256 1997 1284; x_wconf 85' lang='lat' dir='ltr'>movesta,</span> 
     </span>
     <span class='ocr_line' id='line_1_69' title="bbox 1155 1302 1996 1346; baseline -0.001 -12"><span class='ocrx_word' id='word_1_353' title='bbox 1155 1314 1209 1335; x_wconf 89' lang='lat' dir='ltr'>ma</span> <span class='ocrx_word' id='word_1_354' title='bbox 1232 1314 1296 1344; x_wconf 88' lang='lat' dir='ltr'>per</span> <span class='ocrx_word' id='word_1_355' title='bbox 1320 1303 1467 1346; x_wconf 71' lang='lat' dir='ltr'>longeea</span> <span class='ocrx_word' id='word_1_356' title='bbox 1492 1303 1534 1334; x_wconf 84' lang='lat' dir='ltr'>de</span> <span class='ocrx_word' id='word_1_357' title='bbox 1560 1309 1678 1343; x_wconf 86' lang='lat' dir='ltr'>tempo</span> <span class='ocrx_word' id='word_1_358' title='bbox 1704 1302 1996 1344; x_wconf 66' lang='lat' dir='ltr'>adorme[n]eada,</span> 
     </span>
     <span class='ocr_line' id='line_1_70' title="bbox 1156 1356 1997 1399; baseline -0.002 -11"><span class='ocrx_word' id='word_1_359' title='bbox 1156 1357 1217 1399; x_wconf 62' lang='lat' dir='ltr'>‚coe</span> <span class='ocrx_word' id='word_1_360' title='bbox 1231 1367 1276 1387; x_wconf 90' lang='lat' dir='ltr'>un</span> <span class='ocrx_word' id='word_1_361' title='bbox 1294 1356 1526 1388; x_wconf 83' lang='lat' dir='ltr'>comandaore</span> <span class='ocrx_word' id='word_1_362' title='bbox 1543 1356 1586 1388; x_wconf 83' lang='lat' dir='ltr'>de</span> <span class='ocrx_word' id='word_1_363' title='bbox 1603 1356 1764 1393; x_wconf 87' lang='lat' dir='ltr'>Venesia,</span> <span class='ocrx_word' id='word_1_364' title='bbox 1782 1356 1928 1386; x_wconf 85' lang='lat' dir='ltr'>menada</span> <span class='ocrx_word' id='word_1_365' title='bbox 1943 1356 1997 1386; x_wconf 83' lang='lat' dir='ltr'>via</span> 
     </span>
     <span class='ocr_line' id='line_1_71' title="bbox 1155 1409 1995 1449; baseline -0.002 -8"><span class='ocrx_word' id='word_1_366' title='bbox 1155 1411 1187 1441; x_wconf 82' lang='lat' dir='ltr'>la</span> <span class='ocrx_word' id='word_1_367' title='bbox 1204 1410 1313 1442; x_wconf 89' lang='lat' dir='ltr'>moier</span> <span class='ocrx_word' id='word_1_368' title='bbox 1338 1410 1381 1441; x_wconf 86' lang='lat' dir='ltr'>de</span> <span class='ocrx_word' id='word_1_369' title='bbox 1406 1421 1451 1441; x_wconf 87' lang='lat' dir='ltr'>un</span> <span class='ocrx_word' id='word_1_370' title='bbox 1469 1410 1557 1441; x_wconf 90' lang='lat' dir='ltr'>altro</span> <span class='ocrx_word' id='word_1_371' title='bbox 1574 1409 1779 1441; x_wconf 87' lang='lat' dir='ltr'>Veneciano</span> <span class='ocrx_word' id='word_1_372' title='bbox 1798 1414 1831 1440; x_wconf 87' lang='lat' dir='ltr'>et</span> <span class='ocrx_word' id='word_1_373' title='bbox 1848 1418 1995 1449; x_wconf 86' lang='lat' dir='ltr'>pensan-</span> 
     </span>
     <span class='ocr_line' id='line_1_72' title="bbox 1154 1463 1995 1506; baseline -0.006 -10"><span class='ocrx_word' id='word_1_374' title='bbox 1154 1465 1237 1496; x_wconf 90' lang='lat' dir='ltr'>dose</span> <span class='ocrx_word' id='word_1_375' title='bbox 1263 1475 1356 1496; x_wconf 86' lang='lat' dir='ltr'>esser</span> <span class='ocrx_word' id='word_1_376' title='bbox 1381 1463 1534 1506; x_wconf 84' lang='lat' dir='ltr'>vignudo</span> <span class='ocrx_word' id='word_1_377' title='bbox 1559 1475 1578 1494; x_wconf 91' lang='lat' dir='ltr'>a</span> <span class='ocrx_word' id='word_1_378' title='bbox 1602 1464 1707 1505; x_wconf 85' lang='lat' dir='ltr'>luogo</span> <span class='ocrx_word' id='word_1_379' title='bbox 1723 1472 1858 1504; x_wconf 85' lang='lat' dir='ltr'>seguro,</span> <span class='ocrx_word' id='word_1_380' title='bbox 1884 1471 1995 1492; x_wconf 84' lang='lat' dir='ltr'>venne</span> 
     </span>
     <span class='ocr_line' id='line_1_73' title="bbox 1156 1515 1996 1560; baseline -0.004 -11"><span class='ocrx_word' id='word_1_381' title='bbox 1156 1520 1200 1549; x_wconf 81' lang='lat' dir='ltr'>lin</span> <span class='ocrx_word' id='word_1_382' title='bbox 1224 1528 1243 1549; x_wconf 89' lang='lat' dir='ltr'>a</span> <span class='ocrx_word' id='word_1_383' title='bbox 1267 1518 1348 1560; x_wconf 90' lang='lat' dir='ltr'>quel</span> <span class='ocrx_word' id='word_1_384' title='bbox 1371 1518 1486 1559; x_wconf 86' lang='lat' dir='ltr'>luogo,</span> <span class='ocrx_word' id='word_1_385' title='bbox 1510 1518 1575 1548; x_wconf 92' lang='lat' dir='ltr'>che</span> <span class='ocrx_word' id='word_1_386' title='bbox 1600 1528 1634 1547; x_wconf 88' lang='lat' dir='ltr'>se</span> <span class='ocrx_word' id='word_1_387' title='bbox 1652 1517 1788 1548; x_wconf 81' lang='lat' dir='ltr'>chiama</span> <span class='ocrx_word' id='word_1_388' title='bbox 1805 1515 1996 1548; x_wconf 53' lang='grc'><strong>501101011-</strong></span> 
     </span>
     <span class='ocr_line' id='line_1_74' title="bbox 1155 1568 1997 1611; baseline -0.004 -9"><span class='ocrx_word' id='word_1_389' title='bbox 1155 1571 1252 1609; x_wconf 87' lang='lat' dir='ltr'>lario,</span> <span class='ocrx_word' id='word_1_390' title='bbox 1265 1570 1321 1602; x_wconf 88' lang='lat' dir='ltr'>del</span> <span class='ocrx_word' id='word_1_391' title='bbox 1347 1572 1522 1602; x_wconf 87' lang='lat' dir='ltr'>destrecto</span> <span class='ocrx_word' id='word_1_392' title='bbox 1547 1570 1590 1601; x_wconf 86' lang='lat' dir='ltr'>de</span> <span class='ocrx_word' id='word_1_393' title='bbox 1608 1570 1700 1601; x_wconf 84' lang='lat' dir='ltr'>Pava</span> <span class='ocrx_word' id='word_1_394' title='bbox 1718 1575 1752 1601; x_wconf 88' lang='lat' dir='ltr'>et</span> <span class='ocrx_word' id='word_1_395' title='bbox 1767 1569 1789 1600; x_wconf 91' lang='lat' dir='ltr'>il</span> <span class='ocrx_word' id='word_1_396' title='bbox 1816 1568 1915 1611; x_wconf 86' lang='lat' dir='ltr'>quale</span> <span class='ocrx_word' id='word_1_397' title='bbox 1934 1569 1997 1600; x_wconf 85' lang='lat' dir='ltr'>Pa-</span> 
     </span>
     <span class='ocr_line' id='line_1_75' title="bbox 1153 1623 1995 1666; baseline -0.004 -10"><span class='ocrx_word' id='word_1_398' title='bbox 1153 1625 1231 1656; x_wconf 85' lang='lat' dir='ltr'>vani</span> <span class='ocrx_word' id='word_1_399' title='bbox 1256 1625 1372 1666; x_wconf 81' lang='lat' dir='ltr'>tegnia</span> <span class='ocrx_word' id='word_1_400' title='bbox 1395 1631 1429 1656; x_wconf 88' lang='lat' dir='ltr'>et</span> <span class='ocrx_word' id='word_1_401' title='bbox 1457 1625 1567 1655; x_wconf 75' lang='lat' dir='ltr'>havea</span> <span class='ocrx_word' id='word_1_402' title='bbox 1599 1633 1734 1664; x_wconf 86' lang='lat' dir='ltr'>sempre</span> <span class='ocrx_word' id='word_1_403' title='bbox 1766 1623 1865 1664; x_wconf 79' lang='lat' dir='ltr'>tignu</span> <span class='ocrx_word' id='word_1_404' title='bbox 1897 1632 1995 1654; x_wconf 91' lang='lat' dir='ltr'>como</span> 
     </span>
     <span class='ocr_line' id='line_1_76' title="bbox 1154 1675 1994 1717; baseline -0.004 -8"><span class='ocrx_word' id='word_1_405' title='bbox 1154 1678 1197 1708; x_wconf 87' lang='lat' dir='ltr'>de</span> <span class='ocrx_word' id='word_1_406' title='bbox 1223 1688 1282 1709; x_wconf 84' lang='lat' dir='ltr'>soa</span> <span class='ocrx_word' id='word_1_407' title='bbox 1306 1677 1521 1709; x_wconf 89' lang='lat' dir='ltr'>iurisdicion.</span> <span class='ocrx_word' id='word_1_408' title='bbox 1557 1679 1607 1708; x_wconf 87' lang='lat' dir='ltr'>La</span> <span class='ocrx_word' id='word_1_409' title='bbox 1630 1676 1710 1717; x_wconf 89' lang='lat' dir='ltr'>qual</span> <span class='ocrx_word' id='word_1_410' title='bbox 1736 1686 1817 1707; x_wconf 84' lang='lat' dir='ltr'>cosa</span> <span class='ocrx_word' id='word_1_411' title='bbox 1842 1686 1940 1707; x_wconf 90' lang='lat' dir='ltr'>como</span> <span class='ocrx_word' id='word_1_412' title='bbox 1959 1675 1994 1706; x_wconf 77' lang='lat' dir='ltr'>fo</span> 
     </span>
     <span class='ocr_line' id='line_1_77' title="bbox 1154 1730 1994 1773; baseline -0.004 -11"><span class='ocrx_word' id='word_1_413' title='bbox 1154 1738 1235 1763; x_wconf 89' lang='lat' dir='ltr'>nota</span> <span class='ocrx_word' id='word_1_414' title='bbox 1247 1742 1267 1762; x_wconf 90' lang='lat' dir='ltr'>a</span> <span class='ocrx_word' id='word_1_415' title='bbox 1282 1731 1380 1773; x_wconf 89' lang='lat' dir='ltr'>quilli</span> <span class='ocrx_word' id='word_1_416' title='bbox 1398 1732 1442 1762; x_wconf 87' lang='lat' dir='ltr'>da</span> <span class='ocrx_word' id='word_1_417' title='bbox 1459 1730 1613 1767; x_wconf 84' lang='lat' dir='ltr'>Vinesia‚</span> <span class='ocrx_word' id='word_1_418' title='bbox 1630 1730 1693 1772; x_wconf 65' lang='grc'>000</span> <span class='ocrx_word' id='word_1_419' title='bbox 1711 1730 1742 1761; x_wconf 92' lang='lat' dir='ltr'>el</span> <span class='ocrx_word' id='word_1_420' title='bbox 1761 1730 1994 1761; x_wconf 83' lang='lat' dir='ltr'>comandaore</span> 
     </span>
     <span class='ocr_line' id='line_1_78' title="bbox 1154 1781 1993 1825; baseline -0.006 -9"><span class='ocrx_word' id='word_1_421' title='bbox 1154 1795 1220 1816; x_wconf 92' lang='lat' dir='ltr'>con</span> <span class='ocrx_word' id='word_1_422' title='bbox 1242 1785 1277 1816; x_wconf 83' lang='lat' dir='ltr'>la</span> <span class='ocrx_word' id='word_1_423' title='bbox 1301 1785 1440 1816; x_wconf 77' lang='lat' dir='ltr'>femena</span> <span class='ocrx_word' id='word_1_424' title='bbox 1465 1794 1557 1815; x_wconf 89' lang='lat' dir='ltr'>esser</span> <span class='ocrx_word' id='word_1_425' title='bbox 1588 1784 1621 1814; x_wconf 91' lang='lat' dir='ltr'>al</span> <span class='ocrx_word' id='word_1_426' title='bbox 1653 1784 1740 1814; x_wconf 87' lang='lat' dir='ltr'>ditto</span> <span class='ocrx_word' id='word_1_427' title='bbox 1764 1783 1876 1825; x_wconf 81' lang='lat' dir='ltr'>luogo,</span> <span class='ocrx_word' id='word_1_428' title='bbox 1902 1781 1960 1812; x_wconf 87' lang='lat' dir='ltr'>elli</span> <span class='ocrx_word' id='word_1_429' title='bbox 1984 1782 1993 1812; x_wconf 93' lang='lat' dir='ltr'>i</span> 
     </span>
     <span class='ocr_line' id='line_1_79' title="bbox 1152 1836 1994 1880; baseline -0.004 -11"><span class='ocrx_word' id='word_1_430' title='bbox 1152 1838 1278 1869; x_wconf 81' lang='lat' dir='ltr'>mand&#39;o</span> <span class='ocrx_word' id='word_1_431' title='bbox 1291 1849 1310 1868; x_wconf 93' lang='lat' dir='ltr'>a</span> <span class='ocrx_word' id='word_1_432' title='bbox 1323 1838 1399 1879; x_wconf 85' lang='lat' dir='ltr'>piar</span> <span class='ocrx_word' id='word_1_433' title='bbox 1412 1848 1475 1878; x_wconf 90' lang='lat' dir='ltr'>per</span> <span class='ocrx_word' id='word_1_434' title='bbox 1488 1837 1594 1880; x_wconf 61' lang='lat' dir='ltr'>foroa.</span> <span class='ocrx_word' id='word_1_435' title='bbox 1620 1837 1825 1869; x_wconf 79' lang='lat' dir='ltr'>Condamno</span> <span class='ocrx_word' id='word_1_436' title='bbox 1842 1836 1949 1867; x_wconf 86' lang='lat' dir='ltr'>allora</span> <span class='ocrx_word' id='word_1_437' title='bbox 1961 1836 1994 1867; x_wconf 90' lang='lat' dir='ltr'>el</span> 
     </span>
     <span class='ocr_line' id='line_1_80' title="bbox 1152 1889 1992 1932; baseline -0.004 -9"><span class='ocrx_word' id='word_1_438' title='bbox 1152 1891 1284 1932; x_wconf 60' lang='lat' dir='ltr'>potesta</span> <span class='ocrx_word' id='word_1_439' title='bbox 1301 1892 1344 1923; x_wconf 92' lang='lat' dir='ltr'>de</span> <span class='ocrx_word' id='word_1_440' title='bbox 1362 1891 1454 1922; x_wconf 88' lang='lat' dir='ltr'>Pava</span> <span class='ocrx_word' id='word_1_441' title='bbox 1472 1901 1491 1922; x_wconf 90' lang='lat' dir='ltr'>a</span> <span class='ocrx_word' id='word_1_442' title='bbox 1503 1890 1591 1922; x_wconf 89' lang='lat' dir='ltr'>taiar</span> <span class='ocrx_word' id='word_1_443' title='bbox 1608 1889 1740 1931; x_wconf 52' lang='lat' dir='ltr'>lastesta</span> <span class='ocrx_word' id='word_1_444' title='bbox 1757 1901 1775 1921; x_wconf 86' lang='lat' dir='ltr'>a</span> <span class='ocrx_word' id='word_1_445' title='bbox 1794 1889 1912 1931; x_wconf 88' lang='lat' dir='ltr'>quelli,</span> <span class='ocrx_word' id='word_1_446' title='bbox 1928 1889 1992 1920; x_wconf 86' lang='lat' dir='ltr'>che</span> 
     </span>
     <span class='ocr_line' id='line_1_81' title="bbox 1151 1943 1993 1986; baseline -0.002 -11"><span class='ocrx_word' id='word_1_447' title='bbox 1151 1945 1262 1976; x_wconf 89' lang='lat' dir='ltr'>havea</span> <span class='ocrx_word' id='word_1_448' title='bbox 1278 1955 1377 1986; x_wconf 87' lang='lat' dir='ltr'>preso</span> <span class='ocrx_word' id='word_1_449' title='bbox 1394 1945 1404 1974; x_wconf 87' lang='lat' dir='ltr'>i</span> <span class='ocrx_word' id='word_1_450' title='bbox 1424 1945 1508 1975; x_wconf 87' lang='lat' dir='ltr'>dicti</span> <span class='ocrx_word' id='word_1_451' title='bbox 1533 1944 1762 1975; x_wconf 87' lang='lat' dir='ltr'>comandaore</span> <span class='ocrx_word' id='word_1_452' title='bbox 1787 1949 1821 1974; x_wconf 87' lang='lat' dir='ltr'>et</span> <span class='ocrx_word' id='word_1_453' title='bbox 1844 1943 1993 1979; x_wconf 78' lang='lat' dir='ltr'>femena,</span> 
     </span>
     <span class='ocr_line' id='line_1_82' title="bbox 1152 1996 1993 2039; baseline -0.004 -10"><span class='ocrx_word' id='word_1_454' title='bbox 1152 2008 1251 2029; x_wconf 88' lang='lat' dir='ltr'>como</span> <span class='ocrx_word' id='word_1_455' title='bbox 1276 2008 1423 2039; x_wconf 83' lang='lat' dir='ltr'>persone</span> <span class='ocrx_word' id='word_1_456' title='bbox 1448 1998 1512 2028; x_wconf 88' lang='lat' dir='ltr'>che</span> <span class='ocrx_word' id='word_1_457' title='bbox 1535 1999 1646 2028; x_wconf 85' lang='lat' dir='ltr'>havea</span> <span class='ocrx_word' id='word_1_458' title='bbox 1678 2007 1740 2038; x_wconf 90' lang='lat' dir='ltr'>per</span> <span class='ocrx_word' id='word_1_459' title='bbox 1771 1996 1868 2038; x_wconf 67' lang='lat' dir='ltr'>forea</span> <span class='ocrx_word' id='word_1_460' title='bbox 1892 1996 1993 2027; x_wconf 79' lang='lat' dir='ltr'>tracti</span> 
     </span>
     <span class='ocr_line' id='line_1_83' title="bbox 1151 2049 1992 2092; baseline -0.002 -10"><span class='ocrx_word' id='word_1_461' title='bbox 1151 2050 1206 2082; x_wconf 91' lang='lat' dir='ltr'>del</span> <span class='ocrx_word' id='word_1_462' title='bbox 1232 2061 1346 2092; x_wconf 86' lang='lat' dir='ltr'>pavan</span> <span class='ocrx_word' id='word_1_463' title='bbox 1368 2051 1544 2082; x_wconf 85' lang='lat' dir='ltr'>destrecto</span> <span class='ocrx_word' id='word_1_464' title='bbox 1569 2050 1688 2092; x_wconf 86' lang='lat' dir='ltr'>quelli,</span> <span class='ocrx_word' id='word_1_465' title='bbox 1713 2050 1778 2081; x_wconf 88' lang='lat' dir='ltr'>che</span> <span class='ocrx_word' id='word_1_466' title='bbox 1801 2050 1847 2082; x_wconf 85' lang='lat' dir='ltr'>ad</span> <span class='ocrx_word' id='word_1_467' title='bbox 1872 2049 1929 2080; x_wconf 88' lang='lat' dir='ltr'>elli</span> <span class='ocrx_word' id='word_1_468' title='bbox 1949 2059 1992 2080; x_wconf 92' lang='lat' dir='ltr'>no</span> 
     </span>
     <span class='ocr_line' id='line_1_84' title="bbox 1151 2103 1992 2147; baseline -0.001 -11"><span class='ocrx_word' id='word_1_469' title='bbox 1151 2112 1315 2147; x_wconf 81' lang='lat' dir='ltr'>spectava</span> <span class='ocrx_word' id='word_1_470' title='bbox 1337 2115 1398 2145; x_wconf 89' lang='lat' dir='ltr'>per</span> <span class='ocrx_word' id='word_1_471' title='bbox 1423 2104 1527 2145; x_wconf 84' lang='lat' dir='ltr'>algun</span> <span class='ocrx_word' id='word_1_472' title='bbox 1550 2103 1653 2135; x_wconf 91' lang='lat' dir='ltr'>modo</span> <span class='ocrx_word' id='word_1_473' title='bbox 1685 2103 1761 2145; x_wconf 84' lang='lat' dir='ltr'>piar</span> <span class='ocrx_word' id='word_1_474' title='bbox 1787 2104 1822 2134; x_wconf 91' lang='lat' dir='ltr'>in</span> <span class='ocrx_word' id='word_1_475' title='bbox 1845 2103 1873 2134; x_wconf 81' lang='lat' dir='ltr'>si</span> <span class='ocrx_word' id='word_1_476' title='bbox 1897 2103 1992 2135; x_wconf 74' lang='lat' dir='ltr'>facto</span> 
     </span>
     <span class='ocr_line' id='line_1_85' title="bbox 1150 2157 1991 2200; baseline -0.001 -11"><span class='ocrx_word' id='word_1_477' title='bbox 1150 2160 1265 2200; x_wconf 85' lang='lat' dir='ltr'>luogo.</span> <span class='ocrx_word' id='word_1_478' title='bbox 1290 2157 1350 2189; x_wconf 84' lang='lat' dir='ltr'>Ma</span> <span class='ocrx_word' id='word_1_479' title='bbox 1373 2158 1621 2189; x_wconf 87' lang='lat' dir='ltr'>incontenente</span> <span class='ocrx_word' id='word_1_480' title='bbox 1646 2158 1689 2188; x_wconf 92' lang='lat' dir='ltr'>da</span> <span class='ocrx_word' id='word_1_481' title='bbox 1711 2157 1853 2188; x_wconf 83' lang='lat' dir='ltr'>Vinesia</span> <span class='ocrx_word' id='word_1_482' title='bbox 1879 2167 1991 2188; x_wconf 85' lang='lat' dir='ltr'>venne</span> 
     </span>
     <span class='ocr_line' id='line_1_86' title="bbox 1151 2210 1990 2252; baseline -0.002 -9"><span class='ocrx_word' id='word_1_483' title='bbox 1151 2223 1195 2243; x_wconf 91' lang='lat' dir='ltr'>un</span> <span class='ocrx_word' id='word_1_484' title='bbox 1220 2221 1342 2248; x_wconf 77' lang='lat' dir='ltr'>messo,</span> <span class='ocrx_word' id='word_1_485' title='bbox 1366 2211 1397 2242; x_wconf 92' lang='lat' dir='ltr'>el</span> <span class='ocrx_word' id='word_1_486' title='bbox 1421 2210 1502 2252; x_wconf 85' lang='lat' dir='ltr'>qual</span> <span class='ocrx_word' id='word_1_487' title='bbox 1525 2210 1678 2251; x_wconf 76' lang='lat' dir='ltr'>protesto</span> <span class='ocrx_word' id='word_1_488' title='bbox 1703 2211 1745 2242; x_wconf 91' lang='lat' dir='ltr'>de</span> <span class='ocrx_word' id='word_1_489' title='bbox 1771 2216 1890 2252; x_wconf 85' lang='lat' dir='ltr'>questa</span> <span class='ocrx_word' id='word_1_490' title='bbox 1914 2220 1990 2241; x_wconf 86' lang='lat' dir='ltr'>sen-</span> 
     </span>
     <span class='ocr_line' id='line_1_87' title="bbox 1150 2263 1992 2306; baseline -0.002 -10"><span class='ocrx_word' id='word_1_491' title='bbox 1150 2265 1263 2297; x_wconf 85' lang='lat' dir='ltr'>tencia</span> <span class='ocrx_word' id='word_1_492' title='bbox 1298 2265 1401 2306; x_wconf 58' lang='lat' dir='ltr'>nachi</span> <span class='ocrx_word' id='word_1_493' title='bbox 1436 2265 1466 2295; x_wconf 87' lang='lat' dir='ltr'>al</span> <span class='ocrx_word' id='word_1_494' title='bbox 1498 2264 1683 2306; x_wconf 82' lang='lat' dir='ltr'>magnifico</span> <span class='ocrx_word' id='word_1_495' title='bbox 1719 2264 1836 2305; x_wconf 80' lang='lat' dir='ltr'>signor</span> <span class='ocrx_word' id='word_1_496' title='bbox 1868 2263 1992 2295; x_wconf 86' lang='lat' dir='ltr'>mesier</span> 
     </span>
     <span class='ocr_line' id='line_1_88' title="bbox 1149 2316 1990 2358; baseline -0.004 -8"><span class='ocrx_word' id='word_1_497' title='bbox 1149 2320 1345 2351; x_wconf 82' lang='lat' dir='ltr'>Francesco</span> <span class='ocrx_word' id='word_1_498' title='bbox 1371 2318 1414 2349; x_wconf 86' lang='lat' dir='ltr'>da</span> <span class='ocrx_word' id='word_1_499' title='bbox 1439 2318 1598 2356; x_wconf 86' lang='lat' dir='ltr'>Carrara,</span> <span class='ocrx_word' id='word_1_500' title='bbox 1614 2317 1655 2348; x_wconf 68' lang='lat' dir='ltr'>ne</span> <span class='ocrx_word' id='word_1_501' title='bbox 1673 2327 1736 2358; x_wconf 92' lang='lat' dir='ltr'>per</span> <span class='ocrx_word' id='word_1_502' title='bbox 1753 2317 1867 2358; x_wconf 88' lang='lat' dir='ltr'>quello</span> <span class='ocrx_word' id='word_1_503' title='bbox 1882 2316 1990 2348; x_wconf 83' lang='lat' dir='ltr'>allora</span> 
     </span>
     <span class='ocr_line' id='line_1_89' title="bbox 1150 2369 1989 2413; baseline -0.005 -9"><span class='ocrx_word' id='word_1_504' title='bbox 1150 2373 1186 2404; x_wconf 81' lang='lat' dir='ltr'>fo</span> <span class='ocrx_word' id='word_1_505' title='bbox 1211 2372 1305 2404; x_wconf 76' lang='lat' dir='ltr'>facta</span> <span class='ocrx_word' id='word_1_506' title='bbox 1331 2372 1418 2403; x_wconf 80' lang='lat' dir='ltr'>altra</span> <span class='ocrx_word' id='word_1_507' title='bbox 1442 2370 1570 2412; x_wconf 57' lang='lat' dir='ltr'>novitia,</span> <span class='ocrx_word' id='word_1_508' title='bbox 1595 2381 1631 2402; x_wconf 88' lang='lat' dir='ltr'>se</span> <span class='ocrx_word' id='word_1_509' title='bbox 1663 2381 1707 2402; x_wconf 88' lang='lat' dir='ltr'>no</span> <span class='ocrx_word' id='word_1_510' title='bbox 1739 2371 1803 2401; x_wconf 90' lang='lat' dir='ltr'>che</span> <span class='ocrx_word' id='word_1_511' title='bbox 1836 2369 1989 2413; x_wconf 67' lang='lat' dir='ltr'>easehun</span> 
     </span>
     <span class='ocr_line' id='line_1_90' title="bbox 1150 2422 1778 2465; baseline -0.005 -8"><span class='ocrx_word' id='word_1_512' title='bbox 1150 2424 1272 2457; x_wconf 77' lang='lat' dir='ltr'>defese</span> <span class='ocrx_word' id='word_1_513' title='bbox 1296 2425 1328 2456; x_wconf 88' lang='lat' dir='ltr'>la</span> <span class='ocrx_word' id='word_1_514' title='bbox 1351 2435 1411 2456; x_wconf 83' lang='lat' dir='ltr'>soa</span> <span class='ocrx_word' id='word_1_515' title='bbox 1434 2434 1536 2456; x_wconf 87' lang='lat' dir='ltr'>rason</span> <span class='ocrx_word' id='word_1_516' title='bbox 1559 2434 1626 2455; x_wconf 91' lang='lat' dir='ltr'>con</span> <span class='ocrx_word' id='word_1_517' title='bbox 1650 2422 1778 2465; x_wconf 87' lang='lat' dir='ltr'>parole.</span> 
     </span>
    </p>
   </div>
   <div class='ocr_carea' id='block_1_21' title="bbox 1145 2529 1989 2894">
    <p class='ocr_par' dir='ltr' id='par_1_21' title="bbox 1145 2529 1989 2894">
     <span class='ocr_line' id='line_1_91' title="bbox 1237 2529 1989 2573; baseline -0.001 -11"><span class='ocrx_word' id='word_1_518' title='bbox 1237 2532 1311 2562; x_wconf 83' lang='lat'>231.</span> <span class='ocrx_word' id='word_1_519' title='bbox 1337 2548 1377 2553; x_wconf 90' lang='lat'>—-</span> <span class='ocrx_word' id='word_1_520' title='bbox 1402 2530 1456 2561; x_wconf 89' lang='lat' dir='ltr'>En</span> <span class='ocrx_word' id='word_1_521' title='bbox 1478 2536 1600 2572; x_wconf 86' lang='lat' dir='ltr'>questo</span> <span class='ocrx_word' id='word_1_522' title='bbox 1622 2536 1749 2572; x_wconf 90' lang='lat' dir='ltr'>tempo,</span> <span class='ocrx_word' id='word_1_523' title='bbox 1767 2530 1828 2573; x_wconf 74' lang='grc' dir='ltr'>ςοὲ</span> <span class='ocrx_word' id='word_1_524' title='bbox 1846 2530 1879 2560; x_wconf 85' lang='lat' dir='ltr'>in</span> <span class='ocrx_word' id='word_1_525' title='bbox 1897 2529 1989 2561; x_wconf 88' lang='lat' dir='ltr'>mille</span> 
     </span>
     <span class='ocr_line' id='line_1_92' title="bbox 1147 2583 1988 2621; baseline -0.004 -4"><span class='ocrx_word' id='word_1_526' title='bbox 1147 2590 1302 2617; x_wconf 89' lang='lat' dir='ltr'>tresento</span> <span class='ocrx_word' id='word_1_527' title='bbox 1327 2583 1525 2621; x_wconf 78' lang='lat' dir='ltr'>sexantatri‚</span> <span class='ocrx_word' id='word_1_528' title='bbox 1549 2583 1582 2615; x_wconf 93' lang='lat' dir='ltr'>lo</span> <span class='ocrx_word' id='word_1_529' title='bbox 1607 2583 1737 2615; x_wconf 76' lang='lat' dir='ltr'>illustre</span> <span class='ocrx_word' id='word_1_530' title='bbox 1762 2583 1875 2621; x_wconf 85' lang='lat' dir='ltr'>Piero,</span> <span class='ocrx_word' id='word_1_531' title='bbox 1891 2595 1928 2614; x_wconf 84' lang='lat' dir='ltr'>re</span> <span class='ocrx_word' id='word_1_532' title='bbox 1946 2583 1988 2614; x_wconf 91' lang='lat' dir='ltr'>de</span> 
     </span>
     <span class='ocr_line' id='line_1_93' title="bbox 1148 2637 1988 2679; baseline -0.004 -9"><span class='ocrx_word' id='word_1_533' title='bbox 1148 2639 1266 2679; x_wconf 88' lang='lat' dir='ltr'>Cipro,</span> <span class='ocrx_word' id='word_1_534' title='bbox 1293 2648 1358 2669; x_wconf 89' lang='lat' dir='ltr'>con</span> <span class='ocrx_word' id='word_1_535' title='bbox 1383 2637 1479 2668; x_wconf 87' lang='lat' dir='ltr'>molti</span> <span class='ocrx_word' id='word_1_536' title='bbox 1503 2637 1580 2668; x_wconf 85' lang='lat' dir='ltr'>altri</span> <span class='ocrx_word' id='word_1_537' title='bbox 1604 2638 1708 2668; x_wconf 86' lang='lat' dir='ltr'>navili</span> <span class='ocrx_word' id='word_1_538' title='bbox 1726 2637 1768 2668; x_wconf 87' lang='lat' dir='ltr'>de</span> <span class='ocrx_word' id='word_1_539' title='bbox 1788 2637 1988 2673; x_wconf 68' lang='lat' dir='ltr'>veneciam,</span> 
     </span>
     <span class='ocr_line' id='line_1_94' title="bbox 1148 2690 1988 2734; baseline -0.001 -11"><span class='ocrx_word' id='word_1_540' title='bbox 1148 2691 1412 2734; x_wconf 85' lang='lat' dir='ltr'>acompagnado</span> <span class='ocrx_word' id='word_1_541' title='bbox 1437 2691 1481 2721; x_wconf 92' lang='lat' dir='ltr'>de</span> <span class='ocrx_word' id='word_1_542' title='bbox 1506 2691 1603 2722; x_wconf 88' lang='lat' dir='ltr'>molti</span> <span class='ocrx_word' id='word_1_543' title='bbox 1627 2696 1659 2721; x_wconf 89' lang='lat' dir='ltr'>et</span> <span class='ocrx_word' id='word_1_544' title='bbox 1683 2690 1778 2722; x_wconf 82' lang='lat' dir='ltr'>molti</span> <span class='ocrx_word' id='word_1_545' title='bbox 1802 2690 1988 2722; x_wconf 83' lang='lat' dir='ltr'>chavalieri</span> 
     </span>
     <span class='ocr_line' id='line_1_95' title="bbox 1148 2743 1987 2785; baseline -0.001 -9"><span class='ocrx_word' id='word_1_546' title='bbox 1148 2750 1182 2776; x_wconf 90' lang='lat' dir='ltr'>et</span> <span class='ocrx_word' id='word_1_547' title='bbox 1204 2744 1282 2776; x_wconf 87' lang='lat' dir='ltr'>altri</span> <span class='ocrx_word' id='word_1_548' title='bbox 1306 2743 1411 2775; x_wconf 88' lang='lat' dir='ltr'>nobili</span> <span class='ocrx_word' id='word_1_549' title='bbox 1437 2743 1479 2774; x_wconf 88' lang='lat' dir='ltr'>de</span> <span class='ocrx_word' id='word_1_550' title='bbox 1505 2743 1623 2785; x_wconf 84' lang='lat' dir='ltr'>Cipro,</span> <span class='ocrx_word' id='word_1_551' title='bbox 1648 2754 1758 2775; x_wconf 91' lang='lat' dir='ltr'>venne</span> <span class='ocrx_word' id='word_1_552' title='bbox 1791 2754 1809 2774; x_wconf 89' lang='lat' dir='ltr'>a</span> <span class='ocrx_word' id='word_1_553' title='bbox 1834 2743 1987 2775; x_wconf 80' lang='lat' dir='ltr'>Vinesia.</span> 
     </span>
     <span class='ocr_line' id='line_1_96' title="bbox 1146 2796 1988 2839; baseline -0.004 -10"><span class='ocrx_word' id='word_1_554' title='bbox 1146 2799 1198 2830; x_wconf 78' lang='lat' dir='ltr'>La</span> <span class='ocrx_word' id='word_1_555' title='bbox 1222 2797 1302 2839; x_wconf 82' lang='lat' dir='ltr'>qual</span> <span class='ocrx_word' id='word_1_556' title='bbox 1327 2807 1407 2828; x_wconf 85' lang='lat' dir='ltr'>cosa</span> <span class='ocrx_word' id='word_1_557' title='bbox 1430 2797 1485 2838; x_wconf 83' lang='lat' dir='ltr'>po‘</span> <span class='ocrx_word' id='word_1_558' title='bbox 1511 2797 1575 2828; x_wconf 89' lang='lat' dir='ltr'>che</span> <span class='ocrx_word' id='word_1_559' title='bbox 1600 2798 1636 2828; x_wconf 81' lang='lat' dir='ltr'>fo</span> <span class='ocrx_word' id='word_1_560' title='bbox 1665 2796 1837 2828; x_wconf 86' lang='lat' dir='ltr'>nunciada</span> <span class='ocrx_word' id='word_1_561' title='bbox 1863 2796 1891 2827; x_wconf 82' lang='lat' dir='ltr'>al</span> <span class='ocrx_word' id='word_1_562' title='bbox 1918 2807 1988 2826; x_wconf 86' lang='lat' dir='ltr'>ma-</span> 
     </span>
     <span class='ocr_line' id='line_1_97' title="bbox 1145 2850 1988 2894; baseline -0.004 -11"><span class='ocrx_word' id='word_1_563' title='bbox 1145 2852 1273 2894; x_wconf 84' lang='lat' dir='ltr'>gnifico</span> <span class='ocrx_word' id='word_1_564' title='bbox 1297 2852 1415 2893; x_wconf 76' lang='lat' dir='ltr'>signor</span> <span class='ocrx_word' id='word_1_565' title='bbox 1440 2852 1561 2882; x_wconf 87' lang='lat' dir='ltr'>mesier</span> <span class='ocrx_word' id='word_1_566' title='bbox 1585 2852 1780 2882; x_wconf 76' lang='lat' dir='ltr'>Francesco</span> <span class='ocrx_word' id='word_1_567' title='bbox 1806 2851 1849 2881; x_wconf 86' lang='lat' dir='ltr'>da</span> <span class='ocrx_word' id='word_1_568' title='bbox 1867 2850 1988 2881; x_wconf 82' lang='lat' dir='ltr'>Carra-</span> 
     </span>
    </p>
   </div>
   <div class='ocr_carea' id='block_1_22' title="bbox 1154 2942 1355 2950">
    <p class='ocr_par' dir='ltr' id='par_1_22' title="bbox 1154 2942 1355 2950">
     <span class='ocr_line' id='line_1_98' title="bbox 1154 2942 1355 2950; baseline 0 734"><span class='ocrx_word' id='word_1_569' title='bbox 1154 2942 1355 2950; x_wconf 95' lang='lat' dir='ltr'> </span> 
     </span>
    </p>
   </div>
   <div class='ocr_carea' id='block_1_23' title="bbox 1237 3001 1629 3033">
    <p class='ocr_par' dir='ltr' id='par_1_23' title="bbox 1237 3001 1629 3033">
     <span class='ocr_line' id='line_1_99' title="bbox 1237 3001 1629 3033; baseline 0 -8"><span class='ocrx_word' id='word_1_570' title='bbox 1237 3009 1277 3033; x_wconf 65' lang='grc'>23.</span> <span class='ocrx_word' id='word_1_571' title='bbox 1298 3002 1400 3033; x_wconf 80' lang='lat' dir='ltr'>degnia</span> <span class='ocrx_word' id='word_1_572' title='bbox 1422 3003 1447 3025; x_wconf 79' lang='lat' dir='ltr'><em>P</em></span> <span class='ocrx_word' id='word_1_573' title='bbox 1465 3015 1471 3018; x_wconf 94' lang='lat'><em>-</em></span> <span class='ocrx_word' id='word_1_574' title='bbox 1494 3001 1581 3032; x_wconf 76' lang='lat' dir='ltr'>dignu</span> <span class='ocrx_word' id='word_1_575' title='bbox 1604 3002 1629 3025; x_wconf 76' lang='lat' dir='ltr'><em>P</em></span> 
     </span>
    </p>
   </div>
  </div>
 </body>
</html>
