2422 3684
399 405 541 437 REnAz.
566 405 597 434 A

79 477 208 508 ciarum
232 475 422 508 dominium
446 481 545 517 parte
574 485 619 506 ex
650 474 759 505 altera
790 474 920 516 diuque

77 529 169 561 inter
190 535 316 571 partes,
341 528 422 560 belli
445 534 575 559 mutata
597 527 742 559 victoria
759 528 920 568 potencie

78 581 289 614 Venetorum
313 581 348 612 in
376 586 501 622 partes,
532 579 717 611 Ianuenses
748 579 920 620 archiepi-

76 635 172 675 scopi
202 633 393 666 Mediolani
425 632 576 664 dominio
607 632 696 664 colla
726 633 919 664 subdedere

79 688 189 720 coacti
204 687 223 719 ¹.
269 687 322 719 Ex
345 697 413 729 quo
437 687 544 728 ipsius
568 686 824 726 archiepiscopi
858 696 919 726 po-

75 741 224 772 tenciam
243 740 466 771 formidantes
476 739 496 776 ²,
513 739 651 776 Veneti,
665 738 831 778 Paduani,
849 739 917 770 Ve-

76 804 250 831 ronenses,
274 792 464 831 Mantuani,
482 792 734 829 Ferrarienses,
760 791 919 833 Regium,

75 846 251 878 Favencia
274 852 308 877 et
332 845 389 876 alii
412 855 448 877 se
473 845 542 887 lige
567 845 707 876 vinculo
739 855 807 875 una
835 855 919 876 con-

76 899 237 930 sederant
260 903 449 940 contraque
480 899 591 939 ipsum
615 898 918 938 archiepiscopum

74 952 283 983 unanimiter
306 951 350 982 ab
373 951 531 983 omnibus
555 951 766 982 coniuratur.
811 950 919 992 Equi-

76 1011 234 1036 taverant
255 1005 346 1035 enim
370 1004 437 1035 iam
462 1004 571 1046 ipsius
595 1010 717 1046 gentes
735 1009 854 1034 contra
871 1004 919 1035 ci-

77 1057 215 1089 vitatem
233 1057 366 1089 Mutine
383 1058 562 1099 ipsamque
579 1057 792 1088 incluserant
809 1057 920 1088 foveis

76 1117 110 1142 et
133 1111 276 1149 bastitis‚
300 1111 409 1152 ipsius
433 1116 545 1142 castra
569 1116 747 1151 ceperant,
780 1120 917 1151 campa-

76 1174 175 1195 neam
199 1165 442 1196 destruxerant
466 1164 602 1206 Regine
635 1164 800 1202 civitatis,
826 1163 920 1194 insu-

75 1217 141 1248 lam
167 1217 427 1249 combusserant
450 1217 592 1258 Socarie
622 1217 796 1248 districtus
820 1217 920 1248 Man-

75 1271 181 1301 tuani.
223 1270 277 1301 Ex
308 1280 375 1312 quo
407 1270 508 1301 dolor
538 1270 665 1311 ubique
697 1270 733 1301 in
765 1270 920 1311 partibus

74 1322 140 1354 illis
163 1323 387 1354 suscitabant.
431 1323 483 1354 De
516 1323 725 1364 supradictis
757 1333 840 1365 ergo
873 1323 920 1354 ci-

75 1374 236 1406 vitatibus
259 1374 416 1415 predicta
440 1384 554 1410 causa,
579 1384 669 1405 anno
695 1374 826 1405 domini
842 1374 919 1404 mil-

76 1425 194 1456 lesimo
219 1425 420 1463 CCCLIIII,
445 1424 488 1456 de
516 1436 635 1456 mense
669 1426 763 1466 iunii,
789 1425 920 1456 domini

77 1489 194 1510 omnes
232 1478 504 1519 Montagnanam
544 1478 680 1509 insimul
723 1489 918 1510 convenere

77 1537 266 1573 contraque
298 1531 471 1563 dominum
505 1531 755 1563 Vicecomitem
789 1532 919 1573 capita—

76 1593 178 1616 neum
202 1584 333 1627 eligunt
357 1585 581 1615 Franciscum
605 1584 647 1616 de
672 1584 845 1624 Carraria,
869 1585 919 1616 iu-

76 1647 198 1668 venem
223 1637 423 1678 strenu[u]m
453 1643 488 1669 et
520 1638 700 1675 audacem,
732 1639 858 1670 astutia
887 1645 920 1670 et

76 1691 265 1732 prudencia
283 1690 502 1732 omniumque
521 1690 681 1721 virtutum
700 1702 842 1722 numero
860 1691 921 1722 do-

75 1749 193 1781 tatum,
211 1744 267 1785 qui
285 1745 326 1775 de
344 1743 520 1775 voluntate
541 1750 574 1775 et
595 1755 765 1776 consensu
788 1744 921 1787 magni-

78 1797 133 1828 fici
158 1797 287 1829 domini
317 1797 484 1834 Iacobini,
508 1798 622 1839 patrui
646 1798 708 1835 sui,
732 1798 853 1829 annuit
876 1799 919 1830 ad

76 1849 243 1891 predicta.
275 1850 465 1882 Mictuntur
483 1857 517 1882 et
534 1851 646 1882 eciam
664 1862 726 1893 per
742 1851 920 1892 predictos

77 1902 235 1935 dominos
257 1903 291 1934 in
315 1903 488 1935 Boemiam
506 1903 623 1946 legati,
641 1904 697 1946 qui
716 1905 918 1936 descensum

78 1957 121 1987 ad
145 1956 242 1988 Italie
262 1956 371 1988 solum
396 1957 573 1989 solicitent
597 1958 824 1998 imperatoris,
854 1958 919 1989 rati

79 2020 121 2041 ex
144 2011 211 2041 hoc
234 2010 539 2052 archiepiscopum
570 2010 699 2042 debere
725 2011 828 2043 tereti
860 2022 919 2052 pa-

78 2072 221 2105 cemque
253 2073 331 2094 cum
355 2063 522 2105 predictis
554 2069 729 2106 appetere.
776 2065 845 2097 Sed
877 2075 919 2096 eo

78 2121 231 2157 tempore
265 2117 454 2158 imperator
489 2117 701 2149 descendere
737 2119 918 2150 recusavit.

79 2169 218 2200 Interim
241 2179 356 2202 comes
381 2171 423 2202 de
454 2171 578 2203 Lando
609 2171 653 2203 de
681 2171 809 2203 Suavia
841 2182 918 2203 cum

78 2228 224 2264 quatuor
246 2223 382 2256 milibus
407 2224 560 2265 equitum
585 2232 621 2256 et
648 2225 802 2266 peditum
835 2226 921 2257 mul-

78 2275 226 2308 titudine
250 2287 432 2308 numerosa
463 2277 730 2309 Romandiolam
763 2278 920 2310 devasta-

78 2333 174 2359 verat
204 2329 340 2371 iamque
373 2330 503 2361 Tuscie
539 2330 688 2361 confinia
719 2330 919 2368 invadebat,

79 2390 179 2422 quem
205 2392 330 2424 magno
355 2383 464 2413 tocius
487 2382 554 2424 lige
579 2383 752 2424 stipendio
776 2384 919 2415 Franci-

80 2443 158 2465 scus
181 2434 225 2465 de
243 2435 403 2466 Carraria
427 2436 631 2477 capitaneus
648 2436 777 2468 habere
794 2447 919 2479 procu-

79 2486 175 2518 ravit.
211 2488 333 2520 Rebus
348 2489 464 2530 itaque
488 2488 537 2520 sic
562 2489 736 2531 dispositis
761 2491 921 2522 dominus

81 2540 279 2581 capitaneus
295 2551 372 2573 cum
389 2542 545 2574 exercitu
561 2552 622 2574 suo
640 2550 675 2574 et
691 2543 921 2585 infrascriptis

81 2592 249 2625 nobilibus
266 2595 417 2627 Paduam
436 2595 624 2637 egreditur,
649 2596 761 2628 silicet
790 2597 920 2628 Gnido-

82 2655 124 2676 ne
149 2646 191 2678 de
214 2646 461 2685 Maltraversis,
485 2648 667 2680 Lodovico
693 2649 736 2680 de
761 2650 920 2692 Forcaffi,

82 2698 208 2732 Pataro
224 2701 266 2732 de
285 2701 561 2744 Buccacharinis‚
579 2702 713 2747 §lanino
728 2703 771 2734 de
790 2702 922 2745 Peraga

84 2750 232 2794 Ugolino
256 2753 300 2785 de
325 2755 528 2797 Scrovignis
552 2761 586 2787 et
609 2756 684 2786 aliis
701 2755 858 2797 pluribus
876 2758 923 2788 ci-

85 2801 182 2834 vibus
193 2803 320 2840 electis.
334 2816 481 2847 moxque
494 2806 686 2837 Ferrariam
700 2807 817 2838 adivit.
847 2808 922 2839 Nec

85 2853 186 2898 longe
210 2863 287 2897 post
309 2867 504 2889 convenere
529 2859 664 2890 insimul
688 2860 840 2901 predicti
862 2861 923 2892 do-

86 2907 196 2939 minus
217 2909 424 2942 Franciscus
453 2910 498 2942 de
526 2911 686 2944 Carraria
710 2913 923 2955 capitaneus,

173 3020 183 3038 ¹
203 3021 338 3053 CORTUS„
360 3023 497 3054 chronica,
517 3024 552 3056 X,
572 3031 596 3058 7.

1006 632 1023 663 Ul

988 898 1024 928 10

987 1161 1022 1193 15

983 1430 1024 1459 20

984 1692 1023 1724 25

984 1960 1025 1991 30

985 2491 1025 2521 40

987 2754 1027 2786 45

1401 400 1545 432 ΚΕΒΑΖ.
1569 400 1606 432 D

1077 484 1145 505 una
1161 478 1258 514 parte
1276 477 1310 504 et
1328 471 1358 503 la
1377 471 1529 514 signoria
1551 472 1594 502 de
1614 471 1763 502 Venesia
1781 471 1823 502 da
1849 470 1922 501 l'al-

1078 532 1131 558 tra
1155 532 1188 558 et
1208 525 1382 557 habiando
1407 524 1446 567 ca
1462 525 1521 566 piu
1549 530 1662 565 tempo
1688 525 1831 560 durada,
1856 523 1923 554 alla

1079 579 1135 616 fin,
1158 579 1279 610 siando
1303 578 1312 608 i
1345 577 1492 622 (jenoesi
1518 577 1561 607 de
1589 582 1698 612 socio,
1723 575 1922 611 constrecti,

1079 642 1113 663 se
1139 632 1182 663 de
1207 643 1227 662 a
1244 631 1491 662 l’arcivescovo
1517 629 1559 660 de
1576 629 1697 659 Milan.
1731 628 1827 659 Della
1844 638 1923 669 pos—

1077 695 1179 716 sanza
1195 684 1251 715 del
1268 684 1349 726 qual
1372 683 1599 714 arcivescovo
1617 681 1819 716 dubitando,
1834 680 1923 722 quil-

1081 739 1103 770 li
1134 739 1178 769 da
1209 737 1371 773 Venesia,
1404 738 1448 768 da
1479 735 1586 774 Pava,
1617 736 1662 766 da
1693 735 1841 774 Verona,
1879 735 1924 764 da

1080 792 1232 828 Mant0a‚
1258 791 1300 821 da
1324 790 1464 827 Ferant,
1488 790 1532 820 da
1555 788 1684 831 Recco,
1710 789 1754 819 da
1786 787 1923 829 Faenca

1078 851 1112 876 et
1136 843 1249 876 d'altri
1272 843 1378 885 luogi,
1403 843 1478 874 tutti
1512 852 1547 872 se
1576 841 1650 883 ligo
1680 840 1854 872 insembre
1889 845 1923 870 et

1079 897 1220 928 coniuro
1267 902 1387 928 contra
1422 895 1453 927 el
1488 894 1647 937 predicto
1686 893 1922 930 arcivescovm

1079 949 1207 991 perche
1232 950 1265 980 le
1288 959 1325 980 so
1349 954 1451 992 gente
1469 948 1580 979 havea
1599 947 1638 990 ca
1656 946 1822 977 cavalcha
1840 955 1923 976 con-

1078 1009 1131 1034 tra
1155 1003 1308 1034 Modena
1332 1008 1366 1033 et
1390 1002 1543 1043 haveage
1560 1001 1656 1032 facto
1671 1001 1811 1031 intorno
1829 1000 1921 1030 fosse

1079 1063 1112 1088 et
1147 1056 1254 1088 bastie
1280 1060 1314 1086 et
1344 1055 1456 1086 havea
1486 1054 1606 1096 guasta
1638 1059 1733 1084 ructa
1765 1053 1797 1084 la
1831 1062 1922 1083 cam-

1078 1119 1192 1151 pagna
1215 1109 1259 1140 de
1284 1109 1403 1150 Recco
1427 1114 1461 1139 et
1485 1107 1596 1138 havea
1619 1107 1710 1148 presi
1734 1105 1830 1137 molti
1864 1115 1921 1136 ca-

1078 1162 1167 1194 stelli
1192 1161 1249 1193 del
1273 1162 1474 1197 modenese3
1500 1161 1610 1191 havea
1635 1159 1795 1191 eciandio
1820 1158 1922 1190 brusa

1079 1215 1189 1246 l'isola
1213 1214 1256 1246 de
1279 1214 1407 1256 Socera
1431 1214 1488 1244 del
1506 1214 1680 1245 destrecto
1705 1212 1748 1244 de
1766 1211 1923 1249 Mantoa‚

1080 1270 1169 1299 onde
1186 1268 1220 1298 in
1239 1267 1354 1309 quelle
1372 1273 1470 1307 parte
1489 1266 1646 1308 ogn'omo
1663 1277 1699 1297 se
1719 1266 1922 1296 lamentava.

1079 1321 1122 1353 Et
1145 1321 1251 1363 pereo
1277 1321 1319 1351 de
1342 1326 1439 1351 tucte
1472 1319 1502 1349 le
1533 1320 1685 1360 preditte
1719 1317 1844 1356 ellade,
1877 1328 1920 1348 ne

1079 1374 1195 1406 l’anno
1213 1373 1271 1404 del
1288 1374 1434 1416 &ignore
1452 1372 1543 1403 mille
1562 1378 1712 1404 tresento
1737 1372 1923 1413 cinquanta

1080 1434 1214 1469 quatro,
1230 1426 1284 1458 del
1303 1437 1394 1457 mese
1412 1427 1454 1457 de
1472 1435 1597 1468 cugno,
1615 1426 1625 1456 i
1642 1425 1769 1468 signori
1792 1425 1825 1455 di
1844 1434 1923 1465 pre-

1080 1481 1165 1512 dicti
1188 1480 1282 1522 luogi
1305 1490 1342 1511 se
1367 1489 1547 1510 convenne
1580 1478 1752 1510 insembre
1778 1489 1797 1508 a
1820 1478 1922 1509 Mon--

1080 1541 1227 1576 tagmana
1251 1540 1285 1564 et
1315 1534 1341 1565 si
1371 1533 1469 1576 eleg&
1493 1543 1554 1573 per
1585 1533 1768 1573 capitaneo
1801 1538 1924 1563 contra

1082 1588 1112 1618 la
1140 1587 1205 1618 cha
1237 1587 1272 1617 di
1304 1586 1459 1617 Visconti
1492 1586 1524 1616 el
1556 1586 1738 1627 magnifico
1772 1586 1922 1616 France-

1078 1648 1137 1669 800
1163 1639 1206 1668 da
1230 1638 1389 1675 Carrara,
1413 1648 1542 1678 covene
1566 1637 1690 1668 ardido
1715 1642 1750 1667 et
1766 1636 1920 1678 ganardo,

1079 1696 1190 1720 astuto
1215 1696 1248 1720 et
1271 1688 1367 1719 savio
1384 1694 1420 1720 et
1437 1689 1566 1719 dotado
1584 1688 1702 1729 d'ogni
1719 1697 1860 1717 numero
1878 1687 1922 1717 de

1081 1742 1233 1774 vertude.
1280 1742 1321 1773 El
1346 1742 1426 1782 qual
1451 1741 1634 1783 magnifico
1659 1742 1855 1772 Francesco
1880 1739 1923 1769 de

1081 1796 1218 1827 volonta
1243 1800 1277 1826 et
1301 1795 1573 1826 consintemento
1599 1793 1655 1825 del
1679 1793 1862 1835 magnifico
1887 1803 1923 1824 so

1081 1848 1198 1885 barba,
1221 1848 1371 1879 Iacomin
1391 1849 1435 1879 da
1451 1847 1609 1884 Carrara,
1626 1847 1772 1887 accepto
1789 1846 1820 1877 el
1837 1846 1924 1877 ditto

1079 1902 1309 1944 capitaniado.
1342 1903 1390 1932 Fo
1407 1901 1568 1932 eciandio
1586 1911 1647 1941 per
1664 1900 1674 1930 i
1693 1900 1780 1932 dicti
1796 1900 1925 1942 signori

1081 1956 1245 1988 mandacii
1270 1954 1468 1986 ambaxaori
1493 1955 1526 1985 in
1551 1954 1702 1988 Boemia.
1726 1954 1736 1984 i
1761 1953 1854 1995 quali
1871 1962 1924 1983 so-

1080 2011 1230 2042 licitasse
1253 2009 1285 2040 la
1315 2009 1468 2051 vignuda
1500 2008 1542 2039 de
1577 2008 1824 2049 l’imperadore
1859 2006 1924 2037 alle

1081 2069 1176 2104 parte
1203 2064 1245 2094 de
1273 2062 1383 2098 Italia,
1414 2061 1590 2102 pensando
1620 2061 1685 2091 che
1710 2071 1771 2102 per
1803 2066 1924 2102 questo

1080 2116 1325 2147 l'arcivescovo
1357 2125 1393 2145 se
1425 2114 1571 2145 dovesse
1599 2113 1786 2155 impaurire
1811 2120 1844 2145 et
1868 2115 1923 2144 far

1080 2179 1160 2210 pase
1179 2179 1244 2200 con
1261 2168 1270 2198 i
1289 2167 1449 2209 predicti.
1481 2167 1541 2198 Ma
1558 2167 1592 2198 in
1609 2167 1689 2208 quel
1706 2173 1821 2208 tempo
1835 2167 1921 2197 l’im-

1080 2221 1232 2263 perador
1259 2220 1382 2251 recuso
1407 2220 1450 2251 de
1477 2219 1588 2261 vignir
1612 2220 1678 2250 alle
1703 2219 1796 2251 dicte
1821 2225 1918 2260 parte

1082 2276 1124 2306 de
1142 2274 1250 2306 Italia.
1289 2274 1327 2304 10
1345 2279 1463 2314 questo
1482 2283 1581 2315 meco
1600 2273 1631 2303 el
1652 2278 1752 2304 conte
1770 2272 1813 2303 de
1830 2273 1923 2303 Lan-

1082 2329 1125 2360 do
1150 2328 1192 2358 de
1218 2326 1345 2357 Suavia
1369 2336 1434 2357 con
1458 2332 1581 2367 quatro
1613 2325 1708 2356 milia
1733 2325 1856 2357 cavalli
1889 2331 1923 2356 et

1080 2378 1207 2420 pedoni
1232 2388 1333 2419 senca
1350 2388 1491 2408 numero
1510 2378 1620 2407 havea
1635 2376 1675 2418 cit
1691 2376 1811 2418 guast&
1829 2381 1922 2407 tucta

1081 2434 1113 2463 la
1138 2433 1319 2472 Romagna
1344 2436 1377 2460 et
1401 2440 1610 2472 comencava
1627 2441 1646 2460 a
1664 2429 1851 2461 cavalchar
1871 2430 1922 2460 sui

1082 2486 1207 2517 confini
1224 2486 1267 2516 de
1285 2483 1481 2515 Toschana.
1517 2483 1560 2514 El
1578 2483 1655 2524 qual
1682 2490 1784 2514 conte
1803 2483 1922 2514 Lando

1082 2540 1113 2571 el
1136 2540 1320 2581 magnifico
1345 2539 1540 2569 Fraucesco
1564 2538 1738 2579 capitanio
1770 2537 1920 2579 procuro

1083 2594 1125 2625 de
1151 2593 1258 2624 haver
1282 2603 1347 2624 con
1371 2602 1458 2634 gran
1481 2601 1581 2631 spesa
1604 2603 1623 2622 a
1646 2591 1744 2622 soldo
1768 2592 1810 2622 de
1835 2597 1923 2622 tutta

1080 2647 1161 2687 liga.
1187 2647 1241 2683 Et,
1255 2645 1342 2677 cossi
1356 2645 1512 2685 desponsi
1529 2644 1559 2675 le
1575 2654 1668 2681 cose,
1685 2645 1716 2675 el
1734 2644 1919 2685 magnifico

1082 2700 1292 2735 Francesco‚
1318 2698 1503 2739 capitanio,
1522 2708 1557 2729 se
1573 2697 1662 2739 parti
1687 2698 1730 2729 da
1756 2699 1848 2729 Pava
1865 2698 1921 2729 001

1081 2762 1118 2782 so
1142 2752 1294 2783 exercito
1319 2756 1353 2781 et
1379 2760 1444 2781 con
1459 2750 1471 2780 i
1487 2750 1707 2791 enfrascripti
1724 2750 1841 2787 nobili,
1859 2750 1922 2791 coe

1084 2805 1197 2837 Guido
1216 2804 1270 2836 dei
1287 2803 1518 2844 Maltraversi,
1543 2803 1648 2834 Loise
1673 2803 1833 2844 Forcate,
1858 2803 1923 2834 Pa-

1083 2865 1155 2890 taro
1169 2858 1203 2890 di
1218 2857 1459 2899 Bucacharini,
1473 2855 1594 2900 Canyn
1612 2857 1655 2888 da
1668 2857 1813 2899 Peraga‚
1829 2857 1924 2900 Ugo-

1082 2912 1132 2943 lin
1157 2912 1353 2953 Scrovigno
1379 2916 1413 2942 et
1436 2911 1533 2942 molti
1557 2910 1636 2943 altri
1660 2911 1803 2943 citadini
1817 2910 1924 2950 eletti,

1114 3022 1124 3040 ⁸
1145 3024 1280 3054 Conrus„
1302 3022 1440 3052 Chronica,
1460 3023 1494 3053 X,
1517 3030 1559 3048 11.
