2422 3684
729 277 897 314 GESTA
929 279 1233 314 MAGNIFICA
1263 278 1443 314 DOMUS
1473 278 1863 315 CARRARIENSIS

710 411 850 442 REDAZ.
875 411 907 443 A

383 493 461 513 cum
485 481 675 524 magnificis
699 482 847 514 dominis
871 483 1059 514 Francisco
1076 481 1121 513 de
1137 483 1223 514 Car-

383 535 483 571 raria,
507 535 634 566 estensi
659 535 860 567 marchione
885 546 925 567 ac
950 536 1148 567 Mantuanis
1179 537 1223 568 ad

383 588 434 618 sui
459 588 637 619 defensam
662 595 696 620 et
720 590 909 620 emulorum
933 589 1101 620 offensam
1117 599 1223 631 usque

383 641 427 671 ad
450 641 664 682 septennium
689 643 862 673 duratura.

470 799 545 833 274.
571 819 615 823 -—
636 802 688 832 De
711 812 828 834 mense
854 808 966 833 autem
994 802 1142 833 ianuarii
1173 813 1222 833 se-

383 855 518 896 quentis
533 854 615 886 anni
633 854 798 897 Anglicus
815 854 1013 886 albanensis
1027 856 1223 893 cardinalis,

384 907 492 938 frater
518 907 639 938 summi
665 908 850 949 pontificis,
875 914 1043 939 terrarum
1067 908 1225 940 Ecclesie

384 961 418 991 in
451 960 584 991 Italiam
621 966 758 992 creatus
791 967 842 992 est
873 962 1019 992 vicarius
1044 962 1222 1003 generalis.

384 1013 464 1051 Qui,
489 1014 536 1045 uti
560 1024 622 1054 per
646 1013 756 1044 bullas
773 1015 913 1055 papales
930 1015 1041 1047 eidem
1066 1015 1221 1047 innotue-

383 1073 446 1103 rat,
472 1076 549 1097 cum
578 1066 672 1108 loqui
704 1067 849 1099 haberet
880 1078 957 1099 cum
988 1069 1224 1110 suprascripto

383 1119 522 1151 domino
547 1120 733 1151 Francisco
765 1121 808 1152 de
840 1121 1000 1152 Carraria
1030 1131 1133 1161 super
1157 1127 1223 1151 tam

383 1174 511 1209 arduis,
542 1179 580 1204 ut
615 1183 691 1204 cum
721 1174 855 1204 nemine
891 1181 1109 1215 preterquam
1147 1184 1223 1206 cum

383 1226 457 1267 ipso
482 1227 621 1257 domino
639 1226 706 1257 fari
731 1233 877 1267 possent.
898 1227 1032 1269 hocque
1057 1228 1102 1258 ad
1126 1237 1224 1258 aures

383 1285 416 1310 et
438 1279 601 1310 noticiam
620 1279 749 1310 domini
775 1280 883 1320 ipsius
900 1281 1026 1316 delato,
1045 1281 1135 1311 idem
1154 1291 1224 1311 ma-

383 1332 527 1373 gnificus
551 1332 708 1363 dominus
737 1342 813 1363 cum
838 1334 981 1373 egregia
1014 1335 1137 1365 civium
1164 1345 1224 1366 no-

383 1385 502 1416 bilium
527 1391 560 1415 et
582 1385 882 1425 stipendiariorum
907 1397 1043 1417 suorum
1062 1387 1224 1418 comitiva

383 1448 526 1469 numero
544 1448 709 1479 equorum
726 1438 1054 1482 quadringentorum
1075 1447 1109 1471 et
1124 1441 1224 1477 ultra,

384 1499 445 1531 per
468 1490 685 1521 marchiones
709 1497 860 1523 este-uses
884 1493 917 1522 in
944 1493 1138 1524 Ferrariam
1158 1493 1226 1524 ala-

385 1544 490 1573 criter
524 1549 559 1574 et
591 1553 666 1573 cum
699 1545 846 1575 maximo
871 1552 1050 1587 susceptus
1081 1547 1225 1583 honore,

383 1596 548 1638 vigesima
572 1597 682 1627 tercia
707 1597 762 1628 die
787 1597 869 1629 dicti
895 1599 1019 1629 mensis
1036 1599 1224 1631 Bononiam

384 1650 488 1680 venit.
536 1649 600 1681 Cui
625 1650 725 1691 longe
750 1652 832 1682 satis
850 1657 946 1683 extra
964 1652 1140 1684 civitatem
1166 1664 1224 1685 oc-

385 1709 566 1734 currerunt
604 1705 714 1743 patrie
752 1705 896 1742 nobiles,
924 1705 1225 1746 stipendiariorum

385 1756 484 1797 copia
508 1756 630 1799 ingens
661 1757 933 1800 honorandaque
965 1759 1149 1791 cardinalis
1175 1760 1225 1791 fa-

385 1809 480 1840 milia
503 1819 579 1840 cum
610 1809 809 1841 tibicinibus
833 1818 867 1842 et
890 1811 993 1843 variis
1020 1813 1226 1844 musicorum

386 1862 684 1900 modulaminibus,
710 1864 833 1894 animis
857 1865 944 1895 adeo
970 1865 1055 1903 letis,
1080 1867 1183 1907 quod,
1200 1867 1226 1897 si

386 1915 455 1945 loci
479 1915 584 1955 ipsius
609 1915 767 1946 dominus
792 1917 1003 1953 fuisset,non
1029 1926 1142 1958 posset
1157 1919 1225 1950 ala-

387 1968 478 1998 crius
502 1967 727 2008 benigniusve
747 1971 893 2010 suscepi,
912 1971 1117 2012 intravitque.
1143 1973 1228 2003 civi-

385 2025 490 2051 tatem
515 2021 596 2051 horn
624 2031 711 2057 sera,
743 2021 787 2052 ad
819 2033 918 2063 quem
950 2024 1126 2055 visendum
1160 2031 1229 2056 tota

387 2073 495 2104 ferme
513 2074 676 2104 confluxit
692 2074 764 2114 ipsa
781 2076 912 2107 civitas.
944 2077 1132 2109 Descendit
1144 2085 1179 2110 et
1194 2079 1226 2109 in

387 2127 525 2156 domum
548 2128 720 2167 propriam
745 2134 825 2158 ante
849 2129 894 2159 ihi
912 2130 971 2161 diu
989 2136 1150 2171 emptam,
1167 2142 1229 2172 per

388 2179 508 2210 domos
531 2179 694 2209 nobilium
719 2187 835 2211 cetera
864 2182 1027 2223 disposita
1053 2185 1228 2216 comitiva.

391 2230 460 2268 Qui
479 2232 522 2263 ob
547 2233 698 2263 innatum
725 2244 888 2273 amorem,
905 2246 972 2278 quo
993 2236 1230 2268 afficiebantur

389 2285 451 2325 ipsi
477 2285 661 2326 magnifico
691 2287 840 2323 domino,
872 2289 1020 2329 propriis
1053 2300 1071 2319 e
1105 2290 1230 2321 laribus

390 2338 589 2374 condentes,
613 2337 802 2370 liberaliter
825 2340 918 2371 dicte
943 2342 1047 2382 ipsius
1072 2344 1230 2375 comitive

391 2401 467 2421 cum
485 2391 760 2431 suppelletilibus
776 2403 922 2425 cessere.
959 2395 1021 2425 Die
1039 2403 1151 2427 autem
1170 2397 1230 2428 do-

392 2443 518 2474 minica
541 2445 707 2485 sequenti,
733 2456 809 2476 cum
835 2447 997 2479 comitiva
1021 2458 1081 2479 sua
1104 2450 1139 2479 in
1159 2450 1230 2490 epi-

393 2496 525 2537 scopali
550 2497 683 2537 palacio
708 2498 773 2529 fuit
803 2499 836 2530 in
869 2501 1016 2540 prandio
1049 2512 1126 2533 cum
1158 2503 1232 2542 ipso

395 2549 533 2580 domino
560 2550 725 2580 cardinali
749 2552 890 2589 vicario,
904 2554 996 2593 prius
1020 2561 1131 2586 tamon
1155 2565 1232 2586 cum

397 2613 437 2633 eo
461 2602 564 2644 longa
588 2608 622 2633 et
644 2603 806 2645 singulari
838 2606 955 2637 habita
984 2607 1234 2646 collocucione,

397 2666 463 2696 que
488 2655 615 2686 nemini
638 2662 716 2687 nota
736 2657 809 2693 suit,
825 2659 896 2698 sed,
913 2665 948 2690 ut
966 2661 1234 2692 coniecturatum

397 2714 458 2746 est,
474 2718 577 2748 super
593 2709 686 2740 facto
703 2712 960 2743 resormacionis
976 2712 1085 2744 Italie.
1118 2714 1236 2754 Epulis

399 2767 432 2792 et
466 2762 567 2792 etiam
603 2762 750 2802 remotis,
776 2764 896 2795 iterum
931 2766 1028 2797 simul
1064 2767 1096 2798 in
1134 2768 1235 2809 longo

399 2815 538 2845 fuerunt
561 2815 745 2856 colloquio,
770 2817 920 2859 indeque
942 2819 1122 2850 discedens
1146 2820 1235 2851 visu—

400 2878 456 2898 rus
486 2867 739 2899 cluniacensem
771 2870 932 2911 legatum,
964 2873 1142 2913 profectus
1174 2879 1236 2910 est,

401 2929 468 2961 quo
491 2921 589 2962 quasi
612 2921 748 2952 instanti
776 2923 958 2954 cardinalis
981 2925 1054 2965 ipse
1072 2935 1148 2956 cum
1165 2925 1235 2967 epi-

488 3046 528 3069 45.
549 3039 714 3063 discendens
734 3041 767 3064 A!

1294 970 1330 1001 lO

1294 1235 1329 1266 15

1291 1767 1331 1796 25

1292 2031 1333 2061 30

1300 2563 1338 2592 40

1301 2820 1340 2850 45

1708 410 1848 442 REDAZ.
1872 410 1909 443 D

1386 481 1515 523 quinto,
1541 481 1762 523 l’imperador
1785 482 1894 514 Karlo
1918 493 1983 515 con
2012 482 2020 513 i
2050 483 2225 525 magnifici

1386 534 1515 577 signori
1546 535 1672 566 mesier
1702 535 1899 567 Francesco
1931 536 1975 567 da
2004 535 2162 573 carrara,
2193 535 2226 568 el

1386 588 1564 619 marchese
1589 589 1688 620 d'Est
1711 594 1744 620 et
1767 589 1776 619 i
1801 589 1931 631 signori
1961 589 2005 620 da
2035 588 2177 621 Mantoa
2208 599 2226 620 a

1385 651 1423 672 so
1449 642 1583 673 deffesa
1615 648 1649 674 et
1684 643 1792 674 offesa
1831 643 1866 674 di
1901 642 2035 680 nemisi,
2074 641 2107 673 la
2146 643 2226 684 qual

1386 694 1499 726 dovea
1521 695 1626 727 durar
1649 696 1716 726 fina
1739 702 1835 737 septe
1860 695 1953 728 anni.

1474 801 1548 835 274.
1571 819 1616 824 —
1639 802 1702 834 Del
1728 813 1820 834 mese
1848 807 1915 844 puo
1949 803 1992 834 de
2025 813 2151 846 cenaro
2183 803 2227 835 de

1386 854 1498 886 l’anno
1522 861 1686 897 seguente
1711 855 1872 897 Anglico,
1896 856 2061 887 cardenal
2090 854 2227 894 d'Alba‚

1386 907 1536 939 fradello
1563 908 1620 939 del
1645 919 1745 950 papa,
1758 909 1795 940 fo
1820 909 1948 941 creado
1972 909 2102 941 vicario
2125 918 2230 952 gene-

1385 961 1457 992 rale
1481 960 1573 992 delle
1598 967 1690 993 terre
1715 962 1807 993 della
1833 962 1962 994 Ghiesa
1986 962 2023 994 in
2053 962 2164 1001 Italia,
2197 962 2227 993 el

1387 1014 1477 1056 qual,
1501 1025 1600 1046 como
1627 1014 1693 1045 ello
1719 1015 1824 1047 havea
1854 1015 1982 1047 recevu
2006 1026 2068 1057 per
2097 1015 2227 1047 lectere

1386 1067 1522 1109 papale,
1546 1068 1775 1110 concosiache
1799 1069 1867 1100 ello
1899 1069 2041 1100 havesse
2065 1080 2084 1100 a
2112 1069 2229 1110 parlar

1387 1121 1441 1152 001
1466 1121 1648 1163 magnifico
1672 1121 1790 1163 signor
1812 1122 1937 1154 mesier
1961 1124 2156 1154 Francesco
2184 1123 2229 1155 da

1386 1173 1532 1205 Car-rara
1557 1184 1658 1206 sovra
1681 1183 1762 1205 cose
1787 1173 1815 1204 si
1839 1179 1978 1214 streete,
2006 1175 2072 1205 che
2099 1173 2166 1205 ello
2184 1183 2228 1206 no

1387 1236 1508 1267 possea
1532 1227 1648 1268 parlar
1672 1237 1740 1258 con
1771 1226 1887 1268 alguni
1909 1237 1945 1258 se
1976 1237 2020 1258 no
2053 1237 2116 1259 con
2148 1227 2229 1264 ello,

1387 1279 1418 1310 la
1443 1280 1521 1321 qual
1546 1289 1625 1311 cosa
1658 1280 1792 1320 sapuda
1822 1289 1885 1320 per
1914 1280 1948 1310 lo
1980 1280 2076 1312 dicto
2109 1280 2229 1322 signor

1387 1333 1512 1365 mesier
1524 1333 1730 1369 qucesco,
1749 1332 1816 1364 ello
1833 1342 1898 1364 con
1917 1332 2008 1365 bella
2023 1333 2229 1375 compagnia

1389 1387 1431 1417 de
1457 1385 1561 1417 nobili
1586 1385 1730 1417 citadini
1756 1391 1789 1417 et
1813 1386 1846 1416 di
1872 1395 1909 1417 so
1936 1386 2072 1418 soldadi
2104 1386 2135 1418 ai
2168 1397 2229 1418 nu-

1388 1449 1480 1469 mero
1505 1438 1548 1470 de
1562 1438 1685 1470 cavalli
1712 1445 1937 1480 quatrocento
1963 1445 1997 1470 et
2015 1439 2114 1476 oltra,
2131 1449 2230 1470 rece-

1388 1492 1478 1523 vudo
1502 1503 1521 1522 a
1544 1493 1687 1523 Ferrara
1703 1491 1948 1531 aliegramente
1966 1498 1999 1522 et
2015 1502 2081 1523 con
2096 1492 2230 1535 grande

1386 1547 1518 1577 honore
1549 1556 1611 1586 per
1642 1545 1650 1576 i
1677 1545 1837 1576 marchisi
1864 1544 1970 1581 d’Est,
1995 1545 2053 1575 adi
2079 1545 2164 1576 vinti
2186 1545 2229 1576 tri

1387 1599 1443 1630 del
1469 1598 1564 1630 dicto
1589 1608 1682 1630 mese
1708 1608 1820 1629 venne
1846 1608 1864 1628 a
1889 1596 2054 1639 Bologna.
2090 1598 2134 1628 Al
2151 1597 2231 1640 qual

1387 1650 1472 1683 assa'
1516 1652 1614 1682 fuora
1654 1650 1746 1682 della
1785 1656 1878 1682 terra
1916 1661 2028 1681 venne
2070 1651 2232 1682 incontra
2268 1665 2278 1669 -

1387 1705 1473 1736 tucti
1493 1704 1501 1734 i
1520 1704 1624 1736 nobili
1644 1704 1796 1741 citadini‚
1815 1713 1883 1734 una
1900 1714 1985 1746 gran
2003 1703 2230 1736 moltitudene

1388 1758 1431 1789 de
1456 1757 1591 1789 soldadi
1628 1763 1661 1788 et
1695 1757 1726 1788 la
1762 1757 1978 1788 honorevole
2011 1757 2138 1788 fameia
2174 1757 2230 1789 del

1388 1811 1548 1842 cardena}
1576 1821 1638 1842 con
1664 1811 1758 1842 varie
1782 1811 1928 1851 dolcece
1945 1811 1989 1843 de
2012 1811 2231 1844 instrumenti

1389 1874 1453 1895 con
1478 1864 1488 1894 i
1515 1864 1617 1895 animi
1641 1864 1668 1894 si
1687 1863 1821 1905 aliegri,
1839 1865 1914 1901 che,
1930 1875 1967 1895 se
1985 1865 2053 1896 ello
2071 1865 2162 1896 fosse
2179 1871 2232 1897 sta

1387 1918 1504 1958 signor
1529 1918 1572 1948 de
1598 1917 1676 1958 quel
1701 1917 1815 1958 luogo,
1840 1917 1907 1949 ello
1926 1927 1970 1948 no
1986 1927 2116 1959 porave
2140 1927 2232 1949 esser

1388 1976 1439 2002 sta
1462 1971 1589 2001 recevii
1614 1970 1671 2011 piu
1699 1969 1979 2012 benignamente.
2026 1970 2070 2001 Et
2101 1970 2188 2002 intro
2212 1982 2232 2002 a

1389 2024 1473 2054 hora
1491 2023 1589 2054 tarda
1612 2023 1648 2053 in
1673 2023 1705 2054 la
1729 2023 1822 2054 dicta
1840 2023 1917 2061 cita,
1937 2034 1955 2054 a
1972 2023 2079 2054 veder
2105 2024 2135 2054 el
2153 2023 2233 2065 qual

1390 2076 1548 2118 ogn’omo
1567 2085 1699 2107 correa.
1732 2076 1776 2108 Et
1792 2077 1818 2107 si
1837 2077 2016 2108 desmonta
2029 2077 2063 2107 in
2078 2086 2157 2108 casa
2172 2086 2233 2108 soa

1389 2129 1539 2170 propria,
1566 2129 1596 2158 la
1628 2129 1706 2170 qual
1733 2129 1800 2160 ello
1833 2130 1942 2160 havea
1978 2130 2082 2172 longo
2115 2135 2232 2171 tempo

1390 2182 1491 2225 nauci
1508 2183 1695 2223 comprada
1712 2182 1745 2214 Ιὶ.
1770 2182 1876 2214 Tutta
1892 2183 2003 2214 l’altra
2020 2193 2079 2215 soa
2092 2193 2233 2224 compa-

1390 2235 1469 2276 gnia
1510 2236 1545 2266 fo
1577 2235 1712 2276 partida
1747 2246 1809 2276 per
1844 2245 1924 2266 case
1957 2236 1992 2266 di
2017 2235 2172 2267 citadini.
2218 2235 2234 2267 I

1391 2288 1481 2330 quali
1506 2298 1568 2330 per
1591 2289 1624 2319 lo
1649 2288 1781 2330 grande
1806 2299 1912 2327 amor,
1938 2288 2002 2320 che
2033 2289 2091 2320 elli
2122 2289 2234 2320 havea

1390 2342 1421 2372 al
1440 2342 1532 2373 dicto
1550 2342 1730 2382 magnifico
1749 2341 1866 2383 signor
1882 2343 2007 2373 mesier
2024 2343 2232 2379 Francesco,

1391 2394 1599 2435 partandose
1626 2394 1716 2425 dalle
1741 2405 1800 2426 soe
1825 2405 1903 2426 case
1932 2395 2085 2436 proprie,
2109 2394 2234 2426 libera-

1393 2454 1505 2478 mente
1523 2457 1587 2478 con
1606 2453 1688 2478 tutte
1714 2448 1746 2478 le
1770 2449 1931 2479 massarie
1949 2448 1981 2479 le
2007 2449 2139 2479 lassava
2167 2447 2234 2479 aua

1393 2511 1451 2531 soa
1468 2501 1683 2542 compagnia.
1708 2501 1757 2533 La
1775 2502 1966 2544 domenega
1983 2502 2050 2543 pub
2068 2506 2234 2544 seguente

1394 2564 1459 2584 con
1485 2553 1516 2584 la
1539 2563 1600 2584 soa
1623 2555 1827 2596 compagnia
1851 2555 1918 2586 ello
1943 2554 2041 2586 disno
2065 2555 2101 2585 in
2125 2554 2157 2586 lo
2174 2564 2234 2595 pa-

1395 2607 1468 2648 laco
1493 2606 1548 2637 del
1573 2616 1722 2637 vescovo
1746 2606 1799 2636 col
1825 2606 1919 2637 dicto
1950 2605 2075 2636 mesier
2099 2604 2131 2636 lo
2160 2614 2234 2636 car-

1395 2660 1489 2691 dinal
1514 2659 1654 2696 vicario,
1672 2658 1809 2690 habudo
1834 2658 1938 2700 perci)
1955 2657 2054 2701 nauci
2071 2658 2101 2688 el
2119 2657 2234 2689 disnar

1395 2723 1439 2743 un
1465 2712 1617 2755 singular
1641 2718 1674 2742 et
1697 2712 1802 2753 longo
1826 2711 2039 2752 parlamento
2054 2710 2235 2747 insembre,

1397 2765 1429 2796 el
1453 2765 1533 2806 qual
1557 2775 1601 2796 no
1626 2765 1663 2795 fo
1688 2770 1768 2796 noto
1793 2765 1838 2795 ad
1862 2763 1977 2805 aigun,
2002 2774 2056 2794 ma
2083 2773 2181 2795 como
2199 2763 2235 2794 fo

1397 2818 1562 2859 pensado‚
1585 2817 1671 2848 sulla
1695 2817 1927 2848 reformacion
1953 2817 1996 2848 de
2020 2817 2130 2847 Italia.
2166 2815 2236 2847 Ha-

1397 2871 1523 2902 biando
1547 2870 1703 2907 disnado,
1727 2871 1878 2902 anchora
1902 2869 2057 2901 etiandio
2074 2869 2131 2901 elli
2149 2869 2185 2901 fo
2201 2869 2236 2899 in

1398 2924 1500 2964 longo
1525 2923 1746 2964 parlamento.
1791 2922 2004 2954 Partandose
2028 2922 2086 2964 poi
2112 2922 2156 2953 da
2180 2932 2237 2960 nu,

1487 3049 1528 3073 44.
1551 3041 1576 3065 al
1603 3043 1627 3064 l'
1638 3043 1663 3065 E
