2422 3684
77 890 116 921 lO

74 1207 111 1240 15

69 1580 108 1610 20

69 1844 109 1876 25

69 2112 110 2143 30

66 2375 106 2408 35

69 2965 101 2983 10

489 221 664 257 GESTA
692 221 996 258 MAGNIFICA
1025 222 1208 258 DOMUS
1238 223 1627 259 CARRARIENSIS
1929 226 1976 261 39

143 359 171 390 si
196 369 238 390 ex
262 364 410 400 quatuor
431 358 539 389 solum
565 368 669 388 unum
694 357 846 389 Passium
872 369 1010 390 servare
1040 358 1212 397 voluisset,
1247 370 1324 390 nam
1349 359 1492 391 ducatos
1516 370 1595 391 suos
1626 359 1783 391 dominus
1813 361 1978 393 Nicolaus

143 412 213 443 alto
237 412 350 442 animo
376 410 592 451 contempsit.
638 411 677 440 In
702 410 780 441 foro
805 417 916 442 autem
941 411 1089 448 advecti,
1113 423 1190 443 mox
1215 411 1339 453 gladiis
1369 412 1462 443 mille
1494 412 1723 453 perforantur,
1747 412 1791 444 ad
1822 414 1977 445 ultimum

145 471 243 506 patre
267 470 413 505 servato,
438 469 475 494 ut
498 463 541 494 ad
566 463 727 495 maiorem
754 464 860 504 ipsius
883 475 1051 496 merorem
1083 470 1210 496 mortes
1235 472 1395 497 cerneret
1426 465 1586 497 filiorum:
1613 472 1646 496 et
1669 467 1718 497 sic
1744 466 1867 498 devote
1890 468 1978 508 proli

143 518 219 549 finis
242 517 366 549 extitit.
410 517 493 549 Post
517 527 660 558 quorum
687 517 820 554 funera,
844 517 938 549 nullo
963 518 1108 559 amplius
1132 518 1162 548 in
1192 519 1268 550 foro
1285 524 1343 550 aut
1358 519 1394 549 in
1410 518 1558 560 platheis
1576 519 1802 555 vociferante,
1818 527 1976 561 pacatum

142 570 264 614 vulgus
288 571 389 602 armis
413 569 577 610 depositis
601 569 783 611 acquievit.
816 570 859 601 Et
877 571 973 601 fuere
991 571 1149 612 predicta
1167 582 1256 602 auno
1272 571 1401 603 domini
1418 570 1662 607 MCCCXHH,
1679 573 1784 604 maias
1799 572 1976 604 kalendas.

234 677 304 710 107.
330 676 408 717 [93].
439 694 482 699 -
512 675 634 716 [I]dem
661 674 821 707 dominus
853 676 1000 719 Oppico,
1025 688 1114 709 anno
1148 677 1277 709 domini
1309 677 1558 715 MCCCXXV‚
1589 678 1757 709 existente
1790 678 1919 710 vicario
1943 679 1976 710 in

141 731 278 762 civitate
303 730 421 761 Padue
445 729 571 761 comite
597 730 640 760 de
665 729 870 771 Flambergo
886 741 947 770 pro
964 730 1053 761 duce
1070 730 1222 768 Austrie‚
1239 732 1475 762 Romanorum
1492 741 1584 773 rege,
1609 731 1667 773 qui
1684 730 1834 763 dominio
1858 732 1976 763 Padue

140 789 222 814 tunc
247 782 487 824 preextitebat,
511 781 627 814 habito
653 792 715 823 per
750 783 917 823 quosdam
949 794 1026 814 suos
1049 791 1202 815 secretos
1234 785 1327 825 quod
1360 784 1499 815 domina
1529 783 1600 815 eius
1623 784 1744 816 soror¹
1769 784 1976 815 adulterium

141 835 358 867 commiserat
382 846 458 866 cum
484 834 634 877 quodam
658 834 767 866 nobili
792 835 1003 872 theotonico,
1029 837 1241 868 marescalco
1265 837 1371 878 ipsius
1394 837 1527 868 comitis
1551 837 1594 868 de
1619 837 1838 878 Flamberg0‚
1863 837 1976 880 vigili-

139 889 202 921 bus
226 889 311 920 fecit
335 888 499 920 custodiis
531 887 718 930 diligenter
747 887 935 926 observari,
966 889 1116 930 qualiter
1139 890 1247 931 ipsam
1280 900 1373 921 suam
1407 899 1558 921 sororem
1582 895 1697 931 posset
1729 890 1765 921 in
1796 890 1976 931 pellicatus

139 941 269 974 scelere
294 941 604 982 comprehendere,
630 941 958 983 comprehensisque
982 942 1077 973 iussit
1095 942 1196 973 simul
1214 953 1291 974 cum
1309 943 1464 975 adultero
1482 943 1612 974 necari.
1645 943 1697 974 Ex
1714 943 1810 974 cuius
1827 943 1974 974 adulteri

139 1006 222 1027 nece
246 995 329 1026 lieet
359 1005 473 1026 comes
504 995 577 1035 ipse
608 1005 677 1026 non
701 994 923 1026 mediocriter
947 995 1151 1032 turbaretur,
1177 997 1287 1037 ipsum
1318 1002 1432 1028 tamen
1462 996 1593 1028 factum
1624 995 1766 1037 impune
1791 997 1974 1028 comissum

137 1054 189 1081 est
213 1049 268 1080 die
292 1048 402 1080 tercio
425 1047 508 1079 iunii
531 1047 704 1079 millesimi
728 1047 924 1089 prescripti.

230 1155 300 1186 108.
325 1154 401 1196 [94].
419 1154 572 1186 —Idem
597 1154 755 1186 dominus
778 1154 913 1196 Oppico
938 1160 1104 1196 tempore,
1120 1167 1186 1197 quo
1206 1156 1331 1188 Paulus
1347 1156 1391 1188 de
1415 1157 1526 1188 Dente
1540 1155 1552 1172 ²
1572 1157 1604 1187 in
1622 1156 1774 1188 fraterne
1791 1156 1907 1188 mortis
1924 1157 1975 1188 ul-

137 1209 269 1240 cionem
295 1219 372 1240 cum
397 1208 464 1239 suis
489 1207 715 1249 complicibus
738 1218 858 1239 manus
875 1218 950 1239 cum
969 1208 1249 1240 Carrariensibus
1265 1209 1447 1246 conseruit,
1465 1209 1552 1241 adeo
1570 1209 1716 1241 viriliter
1730 1215 1763 1241 et
1787 1215 1920 1241 strenue
1937 1221 1973 1241 se

135 1262 251 1305 gessit,
275 1262 377 1304 quod,
401 1261 451 1292 uti
475 1271 536 1292 suo
555 1261 632 1293 loco
658 1261 880 1303 distinguam,
898 1261 969 1292 eius
985 1262 1187 1293 resistencia
1204 1262 1482 1294 Carrarieusibus
1499 1274 1578 1304 pars
1595 1262 1740 1294 victorie
1758 1273 1883 1305 magna
1899 1264 1974 1295 fuit.

661 1386 795 1419 XXIV.
821 1405 860 1409 —
886 1386 1052 1418 Dominus
1075 1386 1251 1418 Marsilms
1277 1388 1438 1429 grandis.

228 1472 298 1503 109.
321 1471 422 1512 [109].
450 1489 485 1494 --
512 1470 615 1502 Anno
639 1469 768 1502 domini
792 1469 974 1501 millesimo
999 1470 1193 1502 CCCXXV
1220 1472 1307 1502 filius
1339 1472 1477 1503 domino
1508 1472 1713 1515 Perancano
1745 1473 1788 1503 de
1814 1472 1974 1504 Carraria

133 1526 309 1557 successit.
357 1524 421 1556 Vir
445 1525 520 1562 iste,
544 1524 581 1556 in
604 1534 735 1555 summo
760 1529 937 1564 parentum
963 1524 1097 1566 genitus
1120 1524 1316 1564 splendore,
1342 1525 1385 1556 ad
1408 1531 1532 1557 etatem
1557 1525 1689 1557 virilem
1715 1526 1865 1557 feliciter
1889 1525 1972 1556 edu-

134 1584 242 1615 catus,
267 1588 326 1619 pre
351 1578 477 1609 ceteris
500 1576 658 1608 Marchie
682 1576 855 1609 nobilibus
872 1587 973 1617 opum
992 1577 1100 1617 poluit
1116 1578 1306 1615 affluencia,
1324 1589 1408 1619 quas
1425 1589 1501 1610 cum
1518 1579 1638 1609 amicis
1655 1579 1802 1610 libenter
1819 1579 1971 1610 comuni-

136 1631 227 1663 cavit
250 1636 366 1672 preter
391 1631 541 1662 innatam
565 1629 796 1661 Carrariensis
824 1630 1023 1670 propaginis
1055 1631 1299 1662 strenuitatem.
1346 1630 1412 1661 Hic
1443 1637 1535 1662 tante
1567 1631 1632 1662 fuit
1661 1631 1797 1662 virtutis
1829 1639 1863 1664 et
1894 1643 1973 1673 pru-

136 1683 270 1724 dencie,
296 1690 332 1716 ut
355 1694 424 1714 non
449 1683 561 1714 minus
585 1683 671 1714 civis
695 1693 795 1725 quam
821 1683 979 1714 dominus
1002 1690 1117 1723 posset
1139 1683 1173 1713 in
1206 1683 1302 1720 urbe,
1330 1694 1395 1715 nec
1426 1685 1537 1715 minus
1562 1685 1708 1715 alienata
1732 1685 1843 1726 patria
1870 1696 1972 1727 quam

135 1738 246 1769 libera
270 1737 451 1768 existente.
499 1735 624 1768 Audax
639 1736 661 1775 ³,
686 1736 858 1768 factorum
883 1736 1143 1777 magnificorum
1168 1747 1339 1778 agressor,
1363 1738 1560 1768 iniuriarum
1587 1737 1717 1769 vindex
1744 1748 1894 1775 severus,
1911 1750 1972 1779 pu-

134 1790 226 1822 blice
258 1790 366 1832 magis
399 1800 501 1832 quam
533 1789 668 1831 private
699 1790 857 1821 utilitatis
882 1797 1023 1826 amator,
1048 1791 1140 1831 quod
1172 1791 1205 1820 in
1239 1791 1329 1821 bello
1362 1791 1474 1833 palam
1507 1791 1739 1832 demostravit,
1770 1791 1863 1833 quod
1895 1802 1972 1823 cum

134 1843 229 1876 Cane
254 1843 385 1886 grande
402 1850 535 1886 gestum
553 1849 613 1874 est.
661 1843 748 1875 Nam
769 1844 849 1874 dum
874 1843 1032 1875 dominus
1052 1844 1215 1875 Nicolaus
1240 1845 1283 1875 de
1300 1844 1458 1876 Carraria
1476 1855 1542 1875 una
1559 1856 1634 1876 cum
1654 1844 1825 1876 Paduanis
1843 1846 1970 1876 extrin-

134 1898 225 1929 secis
249 1903 282 1928 et
305 1897 436 1928 auxilio
461 1896 591 1928 domini
615 1896 722 1928 Canis
742 1896 897 1928 Paduam
923 1896 1107 1933 obsideret,
1138 1896 1230 1933 hic⁴‚
1255 1908 1399 1939 persone
1428 1908 1488 1929 sue
1514 1897 1669 1938 periculo
1702 1908 1769 1929 non
1803 1898 1972 1938 inspecto,

133 1952 227 1993 quod
251 1951 383 1992 grande
407 1956 490 1986 erat,
514 1950 664 1981 sociatus
688 1949 828 1991 Filippo
853 1950 896 1981 de
920 1949 1066 1992 Peraga,
1089 1950 1291 1993 Aycardino
1323 1951 1364 1981 de
1389 1951 1601 1991 Capitevace
1634 1957 1668 1981 et
1697 1951 1772 1982 aliis
1802 1950 1972 1983 nobilibus

134 2004 251 2035 amicis
276 2014 337 2045 per
362 2003 450 2034 viam
474 2013 631 2044 asperam
656 2003 786 2034 Montis
810 2002 932 2035 Crucis
955 2014 1031 2035 cum
1063 2003 1200 2034 domino
1233 2004 1276 2034 de
1309 2005 1508 2045 Ovestagno
1540 2004 1577 2034 in
1608 2004 1847 2035 Alemanniam
1871 2004 1968 2036 simul

133 2057 310 2100 equitavit,
336 2056 393 2088 ubi
419 2057 500 2088 duci
524 2056 684 2088 Karintie
709 2056 882 2098 angustias
906 2057 1064 2097 exposuit
1087 2056 1342 2088 Paduauorum.
1388 2057 1531 2088 Preerat
1563 2057 1652 2088 enim
1684 2064 1765 2088 tunc
1797 2057 1867 2088 dux
1897 2059 1970 2099 ipse

134 2110 286 2143 dominio
309 2109 430 2141 Padue
455 2109 602 2141 civitatis
624 2119 753 2151 suoque
778 2120 878 2141 sensu
905 2116 938 2140 et
962 2109 1138 2145 facundia,
1170 2110 1291 2151 quibus
1321 2110 1445 2142 ceteris
1477 2110 1702 2151 preponebat,
1734 2111 1841 2152 ipsius
1872 2111 1970 2142 ducis

133 2163 281 2195 animum
306 2163 409 2200 flexit,
434 2161 477 2194 ad
503 2162 641 2194 obsesse
666 2162 814 2194 civitatis
838 2163 999 2204 pietatem
1020 2163 1155 2195 iuravit.
1203 2164 1359 2205 Namque
1379 2164 1447 2194 dux
1462 2164 1527 2204 ipsi
1551 2173 1612 2195 suo
1633 2170 1860 2201 sacramento,
1876 2164 1970 2205 quod

132 2223 168 2249 et
191 2216 301 2248 eciam
325 2216 433 2247 literis
457 2216 645 2253 affirmavit,
670 2227 747 2247 cum
771 2222 854 2247 tunc
877 2222 1012 2257 tempus
1036 2222 1127 2248 esset
1158 2217 1315 2254 hiemale,
1347 2216 1509 2247 videlicet
1541 2217 1583 2248 de
1615 2227 1731 2248 mense
1763 2216 1968 2256 decembris,

130 2269 366 2310 suprascripto
392 2269 530 2301 domino
554 2268 710 2301 Marsilio
735 2269 891 2310 promisit
915 2270 1009 2311 quod
1034 2270 1078 2300 ad
1102 2270 1227 2301 festum
1245 2270 1434 2310 proximum
1452 2269 1562 2300 sancti
1580 2270 1720 2311 Georgii
1740 2270 1967 2311 personaliter

131 2322 250 2354 Padue
274 2321 491 2358 subveniret;
518 2322 616 2354 cuius
640 2328 754 2353 tamen
780 2322 958 2362 promissio
983 2323 1093 2354 caruit
1116 2322 1257 2353 effectu.
1304 2323 1346 2353 Et
1370 2323 1469 2353 fuere
1494 2323 1653 2363 predicta
1684 2322 1966 2362 MCCCXXVH,

131 2376 186 2408 die
211 2385 261 2406 xx
285 2375 488 2407 decembris.

216 2530 240 2555 3.
259 2523 294 2546 ad
309 2524 444 2547 maiorem
458 2525 609 2547 tristitiam
626 2531 706 2548 neces
720 2525 742 2549 S
755 2538 785 2542 —
801 2524 826 2549 8.
841 2525 957 2548 domina
978 2525 1023 2540 ***
1044 2525 1108 2549 8-
1127 2532 1166 2549 11.
1189 2533 1222 2548 ex
1242 2533 1289 2548 om.
1306 2526 1328 2549 S
1347 2539 1377 2542 —
1401 2532 1440 2549 12.
1462 2533 1519 2548 non
1540 2526 1682 2549 modicum
1697 2527 1717 2549 S
1738 2539 1769 2542 —
1791 2533 1828 2556 14.
1850 2526 1926 2549 necis
1945 2527 1968 2550 S

128 2579 160 2583 —
181 2572 222 2588 22,
242 2567 338 2597 posset
358 2574 406 2589 om.
427 2566 449 2590 S
466 2578 477 2583 -
498 2566 616 2589 civitate
635 2567 658 2590 S
680 2580 708 2584 —
729 2573 770 2597 23.
790 2565 893 2599 audax]
914 2568 1036 2599 prudens
1056 2568 1079 2592 S
1097 2580 1105 2584 -
1126 2568 1244 2598 magnif.
1263 2576 1313 2591 om.
1333 2568 1355 2591 8
1373 2581 1404 2583 -
1420 2573 1459 2598 24.
1486 2569 1576 2598 magis
1597 2575 1678 2598 quam
1700 2568 1811 2599 private
1836 2577 1883 2591 om.
1906 2569 1925 2592 ὁ
1944 2581 1954 2585 -

128 2608 256 2631 ostendit
277 2608 299 2631 8
318 2621 346 2624 —
368 2614 410 2638 25.
431 2608 569 2639 digestum
592 2609 614 2632 S
632 2622 662 2625 —
684 2607 723 2632 26.
745 2609 886 2633 obsideret
906 2617 964 2633 non
985 2610 1053 2633 bene
1073 2610 1180 2633 videret
1201 2610 1260 2641 ipse
1275 2610 1404 2632 dominus
1425 2609 1570 2632 Marsilius
1584 2609 1706 2640 qualiter
1725 2611 1871 2633 civitatem
1890 2612 1955 2641 apte

129 2649 279 2673 defendere
299 2650 398 2681 possit.
418 2650 464 2673 hic
484 2657 602 2682 persone
624 2651 646 2675 8
663 2665 694 2668 -
716 2657 757 2682 27.
777 2652 851 2682 quod
872 2652 926 2675 sibi
948 2652 1101 2683 plurimum
1122 2652 1287 2675 imminebat
1310 2653 1331 2674 8
1348 2664 1358 2668 -
1378 2652 1445 2674 aliis
1465 2651 1679 2683 quampluribus
1701 2653 1722 2677 S
1740 2665 1771 2669 ——-
1799 2651 1839 2675 28.
1866 2654 1965 2676 amicis

130 2692 231 2723 quibus
253 2693 281 2715 in
303 2693 434 2715 omnibus
456 2692 590 2716 inridebat
612 2694 634 2717 8
651 2706 682 2710 -
705 2700 745 2724 29.
767 2694 862 2724 ibique
881 2694 904 2718 S
922 2707 931 2711 -
951 2695 1082 2717 Kariutie
1102 2696 1147 2725 qui
1170 2693 1262 2717 Padue
1288 2696 1355 2716 tunc
1381 2694 1513 2717 dominus
1540 2697 1649 2725 preerat
1677 2695 1698 2718 8
1722 2708 1752 2711 -
1774 2700 1864 2726 29-30.
1883 2695 1963 2717 Free-

130 2736 243 2758 rat....
263 2734 396 2758 civitatis
416 2743 465 2759 om.
485 2735 507 2759 8
524 2747 534 2752 -
553 2735 654 2766 quibus
675 2737 784 2759 duobus
807 2737 828 2760 8
855 2750 886 2753 -—
917 2743 960 2767 31.
991 2737 1044 2767 ipsi
1075 2737 1192 2759 domino
1223 2737 1356 2759 Marsilio
1386 2736 1461 2766 quod
1490 2736 1512 2759 8
1538 2750 1569 2753 —
1600 2743 1690 2768 32-33.
1719 2738 1871 2761 videl.....
1898 2744 1962 2768 pro-

128 2774 219 2808 misit]
242 2776 423 2807 inhabilique
449 2777 482 2800 ad
508 2778 690 2808 equitandum
715 2780 849 2808 quantum
871 2778 903 2801 de
924 2785 1016 2801 mense
1037 2778 1190 2802 decembris
1210 2778 1284 2808 quod
1307 2777 1340 2800 ad
1368 2778 1469 2800 festum
1497 2778 1518 2802 8
1541 2793 1573 2796 —
1600 2785 1642 2809 34.
1668 2778 1760 2802 Padue
1788 2779 1964 2809 obsessisque

129 2818 241 2842 civibus
262 2819 427 2842 subveniret
447 2819 469 2843 8
487 2832 518 2836 -·
538 2824 581 2850 35.
601 2827 677 2843 anno
697 2820 817 2844 Domini
837 2820 1052 2844 MCCCXXVII
1072 2820 1116 2843 die
1137 2821 1238 2850 quinto
1259 2820 1415 2843 decembris
1436 2820 1458 2844 S

219 2918 226 2932 ¹
247 2919 398 2951 Conrusn,
423 2921 561 2949 Chronica,
581 2922 628 2952 ΙΙΙ,
649 2929 674 2952 4.
1162 2919 1172 2933 ³
1192 2921 1329 2950 Con-rus,
1352 2921 1488 2950 Chronica,
1509 2922 1569 2950 VII,
1592 2929 1635 2946 10:
1663 2921 1832 2946 “Marsilius
1857 2924 1963 2955 grande

217 2959 228 2976 ²
247 2961 292 2986 Cf.
314 2962 450 2993 Corvrus„
473 2964 614 2991 Chronica,
636 2963 682 2991 ΙΙΙ,
712 2970 750 2987 12.
789 2964 858 2988 Vedi
887 2971 946 2995 cap.
973 2962 1018 2994 48-
1078 2963 1088 2975 ‘⁴
1103 2963 1135 2986 de
1155 2964 1297 2992 carraria,
1327 2964 1459 2994 probus
1488 2966 1520 2987 et
1551 2965 1697 2996 audax„.

128 3010 176 3034 493
197 3003 233 3027 cf.
252 3004 341 3027 anche
361 3012 383 3028 c.
406 3011 462 3035 104.
1163 3004 1171 3018 ⁴
1192 3004 1328 3034 Comus,
1349 3007 1488 3036 Chronica,
1507 3006 1555 3035 111,
1579 3013 1617 3038 13.
