2422 3684
474 386 613 418 RssnAz.
638 385 670 417 A

145 458 239 500 quod
263 458 356 489 fossa
373 463 406 488 et
423 457 513 488 vallo
537 456 761 495 ambiebatur,
786 468 829 490 ex
852 458 986 500 hocque

145 511 329 543 remissiori
361 510 529 548 custodia,
561 521 661 552 quam
694 511 854 552 exigebat
885 521 986 551 opor-

145 565 279 603 tunitas,
301 564 507 596 morabatur.
556 565 601 596 Et
630 565 720 596 adeo
743 571 780 596 ut
803 564 986 606 capitaneo

144 619 209 659 ipsi
224 618 452 662 gentibusque
469 619 708 660 colligatorum
726 625 843 660 preter
857 619 988 650 inmen-

144 673 294 704 dabilem
308 674 474 713 pudorem
493 672 621 703 iactura
638 673 906 713 supervenisset,
923 671 986 702 nisi

144 725 348 757 caballarius
379 736 465 756 unus
496 725 674 760 extitisset,
706 725 764 766 qui
788 726 831 756 de
863 735 985 766 campo

142 789 261 809 versus
284 778 543 810 Crevalcorium
568 778 789 809 bononiensis
808 779 986 809 districtus

142 832 340 872 explorator
370 831 535 862 exiverat.
581 830 648 862 Hic
682 837 803 872 gentes
839 831 984 871 presidis

140 884 364 924 Bernabonis,
381 894 447 926 que
473 893 534 924 per
555 884 768 915 bononiense
792 883 899 915 solum
924 884 984 915 illo

140 939 388 973 confluxerant,
401 937 566 979 progredi
583 937 667 968 inde
684 937 783 973 vidit,
800 937 875 968 acie
893 947 985 968 com-

140 992 262 1034 posita,
274 992 309 1022 in
325 991 397 1023 solo
413 991 556 1032 patenti,
572 990 724 1032 undique
743 991 914 1022 Feltrinus
928 1001 984 1022 ca-

139 1046 296 1087 pitaneus
313 1055 380 1076 non
399 1044 639 1076 meditabatur.
677 1044 829 1087 Moxque
848 1046 889 1076 de
907 1056 984 1087 pre-

138 1099 239 1131 dictis
274 1098 473 1139 capitaneus
503 1098 578 1138 ipse
613 1109 689 1129 cum
724 1098 884 1139 gentibus
914 1099 983 1130 suis

138 1153 315 1193 corripere
346 1162 440 1182 arma
471 1151 589 1187 valuit,
621 1151 714 1192 quod
746 1151 878 1182 emulus
912 1152 981 1194 lige

137 1206 295 1238 dominus
319 1204 497 1236 Bernabos
519 1204 580 1235 illo
605 1215 681 1235 cum
707 1206 776 1236 suis
801 1206 982 1246 conparuit

136 1259 254 1291 duello
268 1258 516 1298 semi[n]ermes
530 1268 766 1299 oppressurus,
779 1259 806 1290 si
818 1260 864 1290 ad
876 1260 981 1300 ipsos,

135 1313 230 1355 quod
255 1312 347 1343 fossa
379 1318 412 1343 et
437 1312 563 1342 vallum
592 1311 781 1348 inhibebat,
814 1313 982 1354 patuisset

133 1367 211 1398 iter.
251 1366 420 1407 Tuncque
434 1375 496 1406 per
510 1364 666 1396 obsessos
685 1366 867 1398 debellatis
885 1367 982 1407 pedi-

135 1421 226 1452 tibus
249 1429 340 1456 xnn,
366 1419 423 1460 qui
449 1418 493 1450 ad
517 1429 652 1460 passum
682 1420 854 1461 quendam
880 1419 980 1451 valde

134 1475 259 1505 fortem
294 1471 561 1504 custodiendum
596 1479 696 1504 erant
719 1472 888 1514 dispositi,
920 1473 977 1504 ubi

133 1537 199 1558 nec
223 1526 368 1558 alicuius
391 1525 596 1566 sperabatur
618 1526 798 1563 adventus,
819 1525 978 1557 dominus

133 1582 207 1623 ipse
232 1579 408 1611 Bernabos
432 1579 512 1610 inde
538 1589 615 1611 cum
641 1579 798 1611 omnibus
822 1581 889 1611 suis
921 1581 980 1611 ba-

132 1635 249 1666 stitam
272 1633 426 1665 introivit
449 1633 559 1675 ipsam
585 1634 766 1665 fulcitur-us
789 1636 977 1675 oportunis,

134 1690 354 1730 hortatusque
367 1688 535 1725 obsessos,
549 1699 590 1719 ne
603 1687 742 1720 timeant
753 1689 889 1730 sintque
903 1689 978 1726 viri,

131 1753 209 1774 nam
233 1741 285 1772 sic
308 1753 403 1773 suam
427 1748 590 1783 poterunt
609 1743 761 1783 graciam
779 1743 978 1783 promereri,

131 1796 174 1827 de
199 1795 324 1827 bastita
357 1795 475 1827 exiens
506 1795 658 1834 dimissa,
682 1796 715 1826 in
741 1797 871 1837 patenti
903 1797 977 1830 solo

132 1849 292 1881 ordinata
311 1850 398 1886 acie,
415 1849 576 1891 gentibus
593 1849 672 1886 suis,
690 1861 756 1891 que
774 1850 978 1892 pluralitatis

131 1912 283 1939 numero,
297 1908 332 1933 ut
349 1902 589 1944 suprascripsi,
603 1902 842 1944 colligatorum
855 1910 978 1946 gentes

131 1955 360 1993 excedebant,
385 1956 536 1998 dataque
562 1956 613 1986 eis
637 1956 715 1998 lege
740 1967 775 1987 se
799 1958 881 1988 inde
908 1968 976 1989 non

129 2009 328 2045 recessuris,
352 2008 418 2039 nisi
441 2009 484 2039 de
509 2014 623 2040 castro
649 2008 860 2041 Crevalcorii
882 2013 977 2053 plau-

128 2068 197 2093 stra
210 2069 350 2093 onerata
365 2062 581 2101 victualibus,
595 2073 660 2105 que
677 2064 788 2095 statim
808 2065 975 2103 micteret‚

128 2117 212 2148 illuc
234 2117 394 2148 venerint
418 2118 760 2159 retrocesserintque,
785 2129 862 2149 cum
882 2120 977 2161 equi-

128 2169 219 2201 tibus
243 2168 362 2210 paucis
385 2170 427 2199 ad
461 2176 609 2201 castrum
634 2171 849 2202 Crevalcorii
881 2173 976 2204 festi-

129 2228 252 2254 nanter
275 2233 310 2253 se
336 2223 518 2254 transtulit.
566 2222 693 2265 Sicque
718 2224 797 2255 dum
823 2225 974 2265 plaustra

129 2286 262 2308 xxxnu
279 2276 498 2314 victualibus,
515 2283 655 2309 onerata
671 2278 750 2309 vino
768 2285 801 2309 et
818 2278 974 2320 lignami-

128 2341 182 2367 ne,
193 2330 321 2372 absque
331 2330 432 2361 obice
442 2330 512 2362 ullo
525 2331 682 2362 bastitam
694 2332 878 2364 intrassent
888 2333 974 2364 exis—

127 2391 270 2426 sentque
295 2385 340 2415 ad
364 2384 429 2415 iter
451 2386 728 2427 retrograndum‚
753 2392 875 2427 gentes
898 2386 972 2427 ipse

128 2437 277 2478 presidis
291 2437 508 2470 Bernabonis
522 2449 697 2469 recessum
711 2439 852 2470 nimium
864 2441 972 2471 affec-

128 2497 249 2527 tantes,
265 2502 328 2522 nec
340 2499 461 2533 gentes
479 2492 705 2524 formidantes
719 2493 972 2535 colligatorum,

127 2555 210 2585 quas
235 2545 397 2576 oculatim
420 2544 585 2576 videbant
601 2554 760 2583 armatas,
774 2557 810 2578 se
833 2548 971 2578 volvere

125 2597 344 2639 inceperunt.
393 2597 498 2634 Quod
526 2598 646 2630 videns
677 2600 743 2641 lige
770 2599 971 2641 capitaneus

126 2650 300 2682 Feltrinus
325 2652 368 2682 de
395 2651 560 2693 Goncaga
577 2657 610 2683 et
626 2653 723 2684 cuius
740 2654 850 2684 eciam
869 2664 971 2684 causa

125 2703 303 2745 agebatur,
328 2704 443 2744 plures
467 2715 534 2735 non
559 2715 676 2745 passus
700 2717 823 2742 moras,
848 2706 908 2738 sed
927 2707 972 2737 ad

126 2757 432 2794 su0s‚l1ortacione
451 2757 568 2789 habita
583 2758 716 2800 Deique
733 2760 895 2791 invocato
914 2770 972 2791 no-

127 2809 220 2840 mine
245 2815 278 2841 et
302 2810 450 2851 duplicis
467 2821 556 2853 page
574 2812 800 2852 promissione
818 2813 969 2850 adiecta,

126 2862 250 2904 grandi
275 2863 490 2895 animositate
521 2874 598 2896 cum
630 2865 698 2896 suis
728 2872 848 2907 gentes
879 2866 970 2907 ipsas

217 3011 256 3035 15.
274 3007 429 3037 corriperet
452 3007 487 3029 ill

1054 882 1089 911 10

1050 1147 1085 1178 15

1045 1414 1085 1444 20

1043 1676 1082 1708 25

1041 1943 1082 1973 30

1039 2470 1079 2500 40

1037 2735 1075 2766 45

1471 386 1609 417 REDAZ.
1634 386 1670 418 l)

1147 458 1158 488 i
1184 457 1302 488 nemisi
1327 467 1483 499 possesse
1515 458 1629 499 vignir
1661 457 1728 488 alla
1760 459 1854 489 dicta
1883 458 1991 490 bastia

1148 521 1209 551 per
1233 511 1319 542 altro
1343 520 1444 552 passo
1470 511 1537 541 cha
1563 520 1624 551 per
1651 511 1681 542 la
1716 512 1769 542 via
1803 511 1893 542 della
1926 511 1991 543 Mi-

1147 563 1291 595 randola
1313 564 1515 600 solamente,
1539 563 1633 594 fasea
1656 565 1767 605 tegnir
1792 570 1903 595 mente
1928 575 1990 606 per

1147 618 1263 659 quella
1288 618 1354 649 via.
1404 618 1447 649 Et
1478 617 1609 658 perche
1643 618 1673 648 el
1706 628 1743 648 so
1777 627 1897 657 campo
1931 630 1986 649 era

1148 671 1241 701 cinto
1262 671 1305 702 de
1322 672 1415 702 fossa
1440 677 1473 702 et
1491 671 1534 702 de
1551 670 1686 711 spaldo,
1706 671 1788 701 forsi
1808 677 1907 702 stava
1923 681 1986 702 con

1145 734 1267 755 menor
1289 724 1432 764 guarda,
1450 724 1514 755 che
1531 733 1575 754 no
1592 723 1757 755 richedea
1783 724 1813 755 el
1832 723 1988 765 bisogno,

1146 783 1180 808 et
1204 775 1230 807 si
1256 777 1321 807 che
1349 777 1433 808 forsi
1467 777 1497 808 al
1532 777 1624 809 dicto
1649 777 1824 817 capitanio
1857 783 1889 808 et
1921 777 1988 808 alle

1145 830 1239 871 genti
1257 830 1291 861 di
1310 830 1476 872 colligadi
1493 840 1612 861 serave
1630 829 1885 871 sovravignudo
1903 841 1988 872 gran

1144 893 1269 925 sagura
1293 889 1327 914 et
1351 883 1475 914 damno
1499 893 1601 924 senca
1627 883 1656 912 la
1673 893 1851 925 vergogna
1867 893 1988 924 perpe—

1144 941 1212 972 tua,
1230 937 1294 967 che
1319 937 1350 967 ie
1375 946 1494 968 serave
1518 936 1673 977 seguida‚
1697 946 1734 966 se
1761 946 1804 967 no
1829 936 1920 967 fosse
1941 948 1985 967 un

1145 989 1354 1025 chavallaro,
1369 990 1433 1021 che
1446 1000 1505 1021 era
1517 989 1655 1030 partido
1669 989 1726 1020 del
1744 999 1866 1030 campo
1880 996 1915 1021 et
1928 1000 1986 1020 era

1143 1042 1280 1074 andado
1295 1053 1313 1072 a
1327 1043 1535 1074 sovraveder
1551 1052 1652 1074 verso
1671 1041 1914 1081 Creva1cuore,
1931 1054 1988 1074 ca-

1142 1096 1244 1127 stello
1269 1096 1324 1127 del
1353 1095 1548 1138 bolognese,
1573 1096 1603 1126 el
1628 1096 1708 1137 qual
1733 1106 1768 1126 se
1794 1096 1902 1138 tignia
1927 1106 1986 1137 per

1143 1149 1267 1180 mesier
1292 1149 1460 1180 Bernabo.
1502 1149 1542 1180 El
1571 1149 1651 1190 qual
1675 1149 1871 1180 chavallaro
1897 1150 1984 1180 vecie

1143 1203 1272 1242 partire
1296 1202 1353 1233 dal
1378 1202 1472 1234 dicto
1496 1203 1639 1234 castello
1656 1214 1675 1233 a
1692 1202 1826 1234 schiera
1843 1203 1935 1235 facta
1956 1203 1985 1233 la

1141 1261 1242 1297 gente
1261 1255 1317 1286 del
1335 1255 1427 1286 dicto
1445 1255 1571 1286 mesier
1596 1255 1766 1292 Bernabb,
1792 1256 1856 1287 che
1873 1267 1908 1287 se
1926 1257 1986 1287 ha-

1142 1319 1204 1339 vea
1228 1309 1453 1350 congregada
1469 1308 1504 1347 li,
1522 1315 1555 1340 et
1575 1310 1666 1340 onde
1685 1309 1748 1340 che
1768 1320 1811 1340 no
1829 1320 1985 1350 pensava

1140 1361 1263 1393 mesier
1290 1362 1429 1398 Feltria,
1455 1363 1639 1403 capstanio,
1665 1363 1730 1393 che
1756 1362 1811 1393 elli
1838 1363 1982 1394 dovesse

1141 1415 1287 1457 vignire‚
1302 1421 1336 1446 et
1360 1415 1386 1446 si
1412 1416 1522 1446 tirava
1546 1417 1651 1447 dritto
1675 1426 1774 1447 verso
1800 1417 1832 1447 el
1849 1426 1982 1457 campO.

1139 1469 1191 1500 La
1215 1470 1294 1510 qual
1320 1479 1401 1501 cosa
1426 1480 1488 1510 per
1511 1470 1545 1501 10
1571 1471 1665 1501 dicto
1692 1469 1864 1500 cavallaro
1888 1469 1982 1500 tacta

1140 1533 1239 1553 saver
1263 1523 1294 1553 al
1321 1523 1414 1553 dicto
1441 1523 1563 1553 mesier
1587 1523 1752 1559 Feltrino‚
1777 1533 1888 1564 apena
1915 1523 1981 1554 ello

1140 1576 1231 1606 iesse
1256 1576 1310 1606 far
1326 1582 1395 1607 trar
1411 1577 1421 1607 i
1439 1587 1476 1608 so
1493 1588 1511 1607 a
1529 1576 1660 1614 l’arme,
1678 1576 1742 1607 che
1759 1575 1882 1606 mesier
1900 1576 1983 1607 Ber-

1139 1629 1228 1660 nabo
1254 1639 1435 1671 comparse
1460 1629 1483 1660 li
1508 1640 1573 1660 con
1598 1629 1630 1661 la
1645 1639 1704 1660 soa
1720 1635 1835 1671 gente,
1854 1628 1885 1660 el
1903 1630 1981 1671 qual

1139 1683 1313 1712 haverave
1336 1682 1448 1714 subito
1472 1683 1644 1714 assaltado
1669 1683 1699 1713 el
1718 1693 1841 1723 campo
1859 1688 1892 1713 et
1909 1689 1980 1714 tro-

1138 1735 1227 1766 vado
1253 1735 1284 1765 la
1308 1741 1410 1776 gente
1437 1736 1652 1771 desarmada,
1677 1747 1712 1767 se
1738 1746 1781 1766 no
1800 1737 1891 1767 fosse
1917 1737 1980 1767 che

1138 1799 1180 1831 ge
1213 1789 1311 1820 trovo
1343 1789 1376 1820 la
1407 1790 1501 1820 fossa
1526 1789 1567 1821 e’l
1600 1789 1732 1830 spaldO,
1760 1791 1803 1821 de
1834 1790 1890 1821 chi
1923 1790 1978 1820 elli

1139 1851 1197 1872 era
1220 1842 1316 1873 cinti.
1356 1842 1518 1873 Etiandio
1536 1853 1599 1883 per
1622 1843 1718 1884 quilli
1743 1844 1834 1874 delia
1859 1843 1979 1881 bastia‚

1139 1895 1202 1927 che
1218 1906 1276 1925 era
1299 1896 1445 1933 assedia‚
1464 1896 1499 1927 fo
1518 1895 1677 1928 combatu
1696 1908 1739 1927 un
1759 1907 1856 1937 passo
1873 1897 1978 1928 molto

1137 1947 1239 1987 forte,
1265 1948 1330 1978 alla
1354 1949 1486 1990 guarda
1510 1949 1566 1979 del
1592 1949 1671 1990 qual
1696 1960 1754 1980 era
1771 1950 1977 1992 quatordese

1137 2000 1275 2041 pedoni,
1300 2007 1334 2032 et
1358 2002 1388 2032 0’
1412 2001 1475 2033 che
1501 2012 1544 2033 no
1568 2012 1604 2033 se
1630 2003 1755 2033 credea
1781 2004 1845 2033 che
1873 2003 1976 2044 algua

1138 2055 1280 2085 dovesse
1313 2055 1378 2085 mai
1413 2066 1568 2095 passare:
1602 2067 1664 2097 per
1696 2057 1728 2087 lo
1762 2058 1841 2098 qual
1877 2067 1977 2097 passo

1136 2108 1261 2138 mesier
1286 2107 1445 2139 Bernabi)
1470 2118 1533 2139 con
1559 2114 1646 2140 tutta
1665 2109 1695 2140 la
1712 2120 1748 2140 so
1765 2116 1870 2150 gente
1888 2109 1976 2140 intro

1135 2161 1169 2191 in
1205 2161 1239 2191 la
1272 2160 1381 2192 bastia
1411 2169 1444 2193 et
1475 2161 1503 2192 si
1535 2163 1696 2193 conforto
1727 2162 1737 2192 i
1764 2173 1813 2198 so,
1844 2168 1877 2193 et
1913 2164 1976 2193 che

1135 2214 1194 2245 elli
1217 2215 1267 2244 sia
1292 2215 1417 2245 homini
1444 2222 1477 2246 et
1502 2225 1545 2246 no
1571 2215 1672 2246 habia
1686 2226 1803 2257 paura,
1823 2217 1886 2247 che
1904 2216 1976 2247 cosi

1135 2267 1192 2299 elli
1216 2268 1301 2308 pora
1327 2268 1431 2298 haver
1456 2269 1488 2300 la
1511 2279 1547 2299 so
1573 2269 1701 2309 gracia.
1750 2270 1794 2300 Et
1818 2270 1872 2311 po'
1891 2271 1975 2300 hora

1134 2321 1278 2353 insando
1304 2321 1396 2353 della
1413 2321 1506 2352 dicta
1524 2321 1633 2352 bastia
1652 2329 1685 2353 et
1703 2322 1863 2353 lassando
1888 2323 1922 2353 in
1940 2323 1973 2354 10

1135 2384 1256 2415 campo
1279 2374 1356 2414 pian
1384 2375 1412 2404 le
1437 2375 1568 2405 scliiere
1601 2376 1779 2406 ordenade
1812 2375 1902 2407 delle
1936 2386 1974 2407 so

1134 2433 1248 2469 gente,
1275 2428 1338 2458 che
1364 2428 1398 2457 in
1423 2438 1565 2459 numero
1591 2439 1648 2459 era
1673 2427 1759 2459 assa'
1777 2430 1835 2470 piu
1853 2429 1917 2459 cha
1942 2429 1973 2460 la

1134 2487 1236 2522 gente
1261 2480 1295 2511 di
1320 2480 1494 2522 colligadi,
1518 2481 1583 2512 ello
1601 2491 1643 2523 ge
1669 2481 1724 2512 de'
1749 2483 1880 2513 ordene
1909 2482 1973 2513 che

1133 2533 1190 2564 elli
1211 2544 1254 2564 no
1278 2545 1312 2564 se
1340 2534 1483 2565 dovesse
1507 2534 1614 2574 partir
1639 2535 1681 2565 de
1708 2534 1741 2570 li,
1759 2545 1794 2565 se
1820 2534 1841 2564 ’l
1865 2546 1907 2565 no
1926 2535 1974 2565 vi-

1132 2588 1245 2629 guisse
1264 2588 1373 2627 prima
1390 2586 1399 2615 i
1418 2587 1505 2617 carri
1524 2587 1705 2628 carregadi
1722 2588 1765 2619 da
1788 2588 1974 2620 Crevalco-

1133 2650 1181 2675 re,
1205 2640 1269 2670 che
1291 2639 1312 2671 'l
1336 2640 1544 2670 mandarave
1571 2641 1613 2671 ad
1639 2651 1715 2671 esso
1740 2642 1904 2682 caregadi
1938 2642 1971 2672 di

1132 2693 1308 2725 victoaria.
1327 2698 1360 2723 et
1378 2693 1529 2724 etiandio
1548 2694 1591 2724 lin
1608 2694 1671 2725 che
1690 2696 1700 2725 i
1719 2695 1803 2725 dicti
1819 2695 1909 2725 carri
1927 2704 1970 2725 no

1133 2753 1284 2778 torn-asse
1322 2746 1447 2777 indrio.
1496 2747 1537 2777 Et
1570 2748 1638 2778 cosi
1671 2748 1702 2778 el
1728 2749 1822 2779 dicto
1848 2748 1972 2779 mesier

1133 2799 1292 2831 Bernaba
1317 2810 1380 2831 con
1409 2810 1496 2840 poca
1521 2808 1624 2842 gente
1649 2813 1709 2832 sen
1726 2812 1811 2833 vene
1831 2802 1861 2833 al
1888 2802 1972 2833 ditto

1131 2853 1274 2883 castello
1294 2854 1335 2884 de
1362 2853 1582 2891 Crevalcore,
1598 2860 1630 2885 et
1655 2854 1781 2885 mando
1801 2855 1923 2886 dentro
1943 2855 1973 2885 la

1222 2971 1262 2995 27.
1282 2973 1316 2996 ge
1337 2966 1353 2988 ’1
1376 2973 1427 2989 veo
1446 2967 1472 2989 P
1491 2980 1522 2982 —
1542 2968 1585 2997 36.
1604 2967 1673 2990 hora
1694 2975 1741 2990 mn.
1765 2968 1788 2990 Ι)
1806 2980 1837 2985 —
1858 2975 1901 2999 44.
1917 2968 1970 2991 vic-

1132 3011 1205 3033 toria
1229 3011 1253 3032 l'
