2422 3684
70 907 108 938 10

71 1222 107 1254 15

67 1491 108 1521 20

69 1754 108 1786 25

71 2101 111 2132 30

82 2811 113 2829 10

82 3023 112 3050 15

479 243 652 279 GESTA
681 243 986 279 MAGNIFICA
1016 243 1201 280 DOMUS
1231 242 1626 280 CARRARIENSIS

133 381 168 408 et
189 375 282 419 quod
305 377 340 407 in
366 375 504 407 civitate
528 375 624 407 fieret
647 377 819 407 tumultus.
868 375 1005 414 Quibus
1037 377 1196 419 gentibus
1223 377 1380 409 dominus
1414 376 1586 408 Marsilius
1615 377 1657 408 de
1691 376 1852 408 Carraria
1882 378 1970 410 bene

130 429 323 461 obviasset*
348 439 425 461 cum
447 428 644 460 intrinsecis
667 429 836 470 paduanis
861 436 894 461 et
919 429 1081 472 gentibus
1105 431 1189 468 aliis,
1215 437 1267 462 set
1288 431 1414 462 timens
1437 430 1578 461 insidias
1610 430 1740 462 domini
1771 431 1886 468 Canis,
1911 431 1969 473 qui

132 482 167 513 in
189 481 407 514 Montesilice
429 481 592 513 miliciam
614 491 710 513 suam
734 481 895 520 habebat,
920 493 998 514 suos
1023 483 1144 525 egredi
1167 482 1344 524 prohibuit
1368 483 1552 515 civitatem.

224 589 293 620 104.
320 588 420 629 [107].
448 608 483 613 --
511 587 670 629 [E]odem
694 588 885 626 millesimo,
910 589 966 621 die
983 599 1032 621 xv
1048 590 1256 627 novembris,
1275 589 1434 621 dominus
1452 589 1617 622 Nicolaus
1642 590 1685 621 de
1710 590 1871 621 Carraria
1895 600 1972 622 cum

134 647 203 673 toto
228 641 380 672 exercitu
404 646 437 673 et
460 640 633 672 Paduanis
656 641 857 672 extrinsecis
881 643 1048 684 equitavit
1064 642 1108 673 acl
1126 642 1242 674 villam
1261 643 1304 674 de
1321 643 1383 674 Est
1397 643 1418 681 ²,
1443 653 1543 684 quam
1570 642 1845 674 fortificaverunt
1861 643 1972 675 foveis

134 699 169 725 et
191 693 371 732 belfredis,
395 699 429 725 et
454 704 496 725 ex
520 694 602 725 hinc
626 694 782 736 undique
807 695 1029 733 cursitabant,
1052 697 1141 727 adeo
1167 695 1259 738 quod
1277 706 1394 728 omnes
1420 696 1501 727 ville
1520 696 1670 737 paduani
1688 697 1860 727 districtus
1878 697 1973 728 facte

131 747 238 788 ipsius
263 753 362 778 erant
384 746 577 783 tributarie,
602 747 758 788 exceptis
782 748 870 779 villis
895 749 938 779 de
963 750 1052 780 ultra
1069 748 1208 781 Brenta.
1248 750 1393 786 Deinde,
1411 751 1522 790 posito
1545 749 1699 781 exercitu
1716 749 1843 780 invilla
1860 750 1971 781 Buvo-

131 800 224 832 lente
250 806 284 831 et
305 799 353 831 ibi
377 800 644 837 comoranfibus,
668 806 852 832 tractatum
876 807 928 832 est
951 802 1043 843 quod
1060 803 1185 833 domini
1204 801 1351 834 Martius
1367 809 1401 834 et
1424 803 1605 847 §jordanus
1630 802 1672 833 de
1692 802 1850 845 Forcate,
1868 803 1973 834 Fran-

131 854 242 885 ciscus
267 853 311 884 de
335 852 521 895 Vigoncia,
546 853 790 885 Prosdocimus
813 853 968 895 Calicine
994 861 1027 886 et
1052 856 1223 897 Rucerius
1247 855 1292 886 de
1318 855 1496 895 Flabian0‚
1522 855 1580 898 qui
1605 862 1749 897 propter
1771 857 1973 888 accusacio-

131 917 210 937 nem
234 906 278 937 de
303 907 352 937 eis
374 907 515 943 factam,
533 907 626 948 quod
642 906 881 938 coniurassent
899 917 975 938 cum
1002 908 1140 939 domino
1159 907 1319 946 Nicolao‚
1335 909 1436 950 positi
1451 910 1588 941 fuerant
1604 909 1648 940 ad
1663 909 1827 946 confinia,
1844 909 1973 941 habue-

130 965 210 991 runt
234 960 372 991 obsides
395 970 483 998 suos,
508 970 593 1001 quos
616 959 796 998 dederant,
821 961 914 1003 quod
939 961 1133 992 confinibus
1154 968 1325 1003 parerent.
1373 963 1417 993 Et
1432 963 1589 994 similiter
1604 962 1762 994 dominus
1779 963 1971 995 Ubertinus

130 1013 174 1043 de
198 1012 360 1044 Carraria
384 1021 419 1044 et
441 1013 610 1044 Tartarus
633 1012 676 1044 de
700 1013 921 1045 Lendenaria
938 1013 1133 1045 habuerunt
1150 1015 1288 1047 obsides
1312 1026 1402 1053 suOS,
1421 1027 1505 1058 quos
1522 1016 1692 1048 dederant
1716 1017 1855 1048 domino
1874 1016 1973 1053 Cani,

131 1067 271 1108 quando
295 1077 358 1107 per
379 1072 524 1098 mortem
550 1066 725 1098 Guilielmi
750 1067 863 1098 Dente
889 1068 933 1098 de
957 1067 1079 1099 Padua
1103 1068 1291 1100 forbanniti
1309 1068 1353 1100 ad
1377 1069 1513 1110 [ipsum]
1538 1070 1780 1112 confugerunt,
1799 1080 1875 1102 cum
1893 1080 1972 1112 quo,

131 1119 275 1161 prebitis
301 1120 347 1150 eis
372 1119 558 1158 obsidibus,
582 1120 815 1162 promiserunt
839 1126 959 1152 contra
983 1119 1137 1151 Paduam
1163 1132 1249 1158 esse,
1275 1128 1310 1152 ut
1335 1122 1479 1153 inferius
1504 1133 1563 1154 suo
1590 1122 1666 1154 loco
1691 1123 1826 1164 patebit
1841 1123 1864 1155 ³.

225 1223 296 1256 105.
321 1223 421 1265 [108].
450 1242 487 1247 —
513 1224 658 1266 [R]ebus
680 1225 730 1257 ita
754 1236 790 1256 se
816 1226 1030 1261 habentibus,
1057 1225 1138 1257 dum
1163 1226 1296 1257 interim
1321 1228 1499 1267 parentela
1523 1233 1729 1259 tractaretur
1752 1229 1841 1259 inter
1865 1227 1973 1260 domi-

133 1288 213 1308 num
236 1277 366 1309 Canem
391 1284 426 1310 et
455 1277 632 1310 dominum
667 1278 862 1317 Nicolaum,
898 1279 1068 1311 videficet
1100 1280 1192 1320 quod
1225 1280 1382 1311 dominus
1412 1281 1577 1312 Nicolaus
1602 1281 1645 1312 de
1670 1281 1829 1313 Carraria
1853 1283 1971 1323 nuptui

131 1331 286 1363 traderet
309 1331 411 1362 filiam
435 1341 530 1362 suam
555 1332 729 1362 dominam
763 1332 1035 1375 Henselgardam
1069 1333 1207 1364 domino
1234 1331 1394 1370 Mastino,
1424 1335 1540 1375 nepoti
1574 1335 1680 1375 ipsius
1705 1335 1833 1366 domini
1859 1336 1973 1373 Canis,

132 1383 290 1415 dominus
314 1384 489 1415 Marsilius
514 1385 557 1416 de
581 1384 742 1416 Carraria
765 1385 828 1416 ista
852 1385 1068 1426 persentiens
1093 1387 1307 1426 parentelam
1332 1386 1431 1417 istam
1457 1387 1652 1428 interrupit,
1679 1389 1824 1419 frustato
1850 1399 1869 1419 a
1892 1399 1972 1430 pro-

129 1437 243 1478 posito
268 1448 328 1468 suo
353 1437 493 1468 domino
526 1437 685 1476 Nicolao‚
717 1438 831 1470 eidem
863 1439 1000 1470 domino
1033 1437 1184 1470 Mastino
1219 1438 1394 1479 prebendo
1429 1450 1569 1471 uxorem
1604 1443 1773 1472 dominam
1805 1442 1972 1483 Tadeam,

131 1496 270 1531 neptem
306 1502 400 1523 suam
413 1491 435 1528 ⁴,
468 1491 521 1522 cui
554 1491 626 1529 dos,
652 1498 687 1523 ut
718 1493 752 1522 in
777 1492 1002 1534 sequentibus
1032 1492 1178 1528 dicetur,
1210 1492 1330 1524 Padua
1356 1493 1421 1524 fuit
1453 1500 1486 1524 et
1517 1495 1700 1526 districtus.
1748 1496 1799 1526 Ex
1830 1506 1898 1537 quo
1936 1507 1972 1528 re

131 1543 235 1575 ducta
260 1544 413 1582 effectui,
450 1555 519 1575 non
542 1545 656 1576 multis
681 1544 802 1576 diebus
826 1551 904 1586 post
927 1546 1106 1586 predictus
1131 1546 1289 1577 dominus
1305 1546 1315 1561 ⁵
1340 1546 1504 1577 Nicolaus
1530 1548 1572 1578 de
1602 1547 1760 1579 Carraria
1785 1549 1827 1579 de
1854 1550 1973 1581 volun-

134 1602 203 1628 tate
228 1598 358 1629 domini
382 1597 486 1629 Canis
510 1599 554 1629 de
579 1598 641 1629 Est
664 1599 807 1630 recessit
830 1597 1074 1640 Veneciasque
1099 1599 1278 1639 profectus
1302 1604 1362 1630 est.
1410 1600 1475 1630 Hic
1501 1605 1614 1631 tamen
1639 1602 1790 1632 nonfuit
1807 1602 1971 1643 spoliatus

132 1651 404 1691 possessionibus
422 1651 504 1688 suis;
523 1657 560 1682 ut
576 1651 631 1682 alii
652 1652 838 1683 extrinseci
854 1652 962 1683 fuere.
1009 1651 1104 1683 Obiit
1121 1658 1234 1683 autem
1260 1652 1437 1692 predictus
1462 1654 1619 1685 dominus
1644 1654 1808 1685 Nicolaus
1832 1655 1865 1685 in
1892 1655 1974 1686 civi-

132 1708 200 1735 tate
226 1703 456 1735 veneciarum
483 1705 693 1746 vestitusque
719 1705 836 1736 habitu
860 1705 1005 1736 fratrum
1030 1705 1197 1736 minorum
1223 1706 1344 1736 statuit
1361 1716 1395 1736 se
1414 1706 1552 1746 sepeliri
1565 1705 1586 1737 ⁶.
1633 1707 1676 1738 Et
1699 1708 1764 1738 hoc
1791 1708 1854 1738 fuit
1878 1718 1970 1739 anno

133 1756 262 1788 domini
284 1755 479 1794 MCCC⁴‘**,
505 1758 549 1788 de
574 1768 691 1789 mense
716 1758 879 1790 octubris.
928 1758 1034 1790 Cuius
1058 1768 1183 1800 corpus
1202 1758 1328 1789 deinde
1347 1768 1410 1799 per
1434 1759 1651 1801 magnificum
1676 1760 1849 1791 dominum
1876 1761 1973 1792 Iacon

134 1809 213 1842 bum
239 1812 282 1843 de
315 1811 485 1848 Carraria,
515 1811 589 1842 eius
620 1812 736 1848 filium,
775 1811 927 1842 Paduam
960 1811 1159 1842 translatum
1190 1811 1225 1842 in
1254 1811 1404 1856 ecclesia
1435 1812 1544 1843 sancti
1578 1812 1760 1854 Augustini
1788 1813 1821 1844 in
1852 1814 1974 1855 pulcro

133 1870 352 1896 monumento
376 1865 534 1906 quiescit.
582 1865 704 1897 Arnen.

775 1957 909 1990 XXIII.
934 1977 973 1980 —
998 1958 1164 1990 Dominus
1191 1958 1334 2005 Oppiqo.

226 2048 295 2079 106.
319 2047 398 2089 [921.
423 2066 464 2071 —-
490 2048 592 2080 Anno
617 2048 747 2080 domini
772 2047 1019 2085 MCCCXIHI,
1044 2048 1132 2079 fillus
1155 2059 1199 2080 ex
1222 2048 1420 2089 Papafavis‚
1447 2049 1588 2080 domino
1612 2049 1770 2080 Mai-silio
1794 2050 1973 2082 successit.

136 2101 199 2133 Vir
221 2101 426 2143 magnificus
448 2107 483 2133 et
507 2101 666 2138 liberalis,
697 2102 732 2132 in
764 2102 866 2133 armis
896 2109 1064 2139 strenuus,
1095 2102 1142 2133 ad
1174 2102 1268 2133 facta
1302 2108 1479 2142 promptus
1513 2103 1682 2143 ingencia,
1715 2102 1907 2143 intrepidus
1940 2109 1973 2135 et

134 2154 247 2186 audax
258 2153 280 2185 ⁷.
326 2154 394 2185 Hic
418 2154 452 2185 in
478 2154 559 2186 belli
584 2155 690 2186 inicio
703 2153 725 2195 ⁸,
750 2155 844 2196 quod
869 2162 989 2196 postea
1014 2165 1090 2186 cum
1116 2154 1212 2186 Cane
1238 2154 1368 2196 grande
1394 2162 1527 2196 gestum
1546 2162 1606 2191 est,
1625 2156 1774 2186 sociatus
1791 2157 1972 2198 magnifico

132 2206 240 2238 milite
263 2207 406 2239 domino
432 2207 577 2239 Nicolao
603 2209 645 2239 de
663 2208 822 2239 Carraria
836 2206 858 2245 ⁹,
876 2218 954 2239 cum
977 2207 1148 2250 ignobiles
1167 2208 1305 2250 quidam
1324 2208 1445 2239 Patavi
1464 2208 1565 2244 cives,
1583 2208 1639 2249 qui
1657 2220 1692 2239 se
1709 2210 1816 2250 partis
1832 2209 1972 2251 gu[e]lt‘e

132 2266 247 2301 patres
263 2261 485 2302 appellabant
499 2260 533 2299 ¹⁰,
550 2261 585 2292 in
601 2271 638 2292 se
656 2261 871 2304 magistratus
887 2267 1009 2293 cuntos
1034 2267 1067 2292 et
1090 2262 1165 2292 iura
1183 2261 1337 2292 comunis
1354 2261 1471 2292 Padue
1491 2262 1742 2293 convertissent
1758 2261 1788 2297 ¹¹,
1806 2263 1871 2293 hoc
1890 2273 1971 2303 egre

226 2379 246 2396 1.
267 2372 377 2400 Quibus
397 2373 531 2404 gentibus
551 2380 612 2397 cum
634 2374 801 2397 intrinsecis
821 2374 966 2398 Paduanis
986 2376 1013 2397 ct
1038 2376 1187 2405 armigeris
1214 2374 1329 2397 aliunde
1354 2381 1422 2404 quas
1449 2374 1580 2404 habebat,
1608 2374 1740 2397 dominus
1767 2374 1914 2397 Marsilius
1941 2375 1974 2397 (le

137 2413 268 2438 Carraria
285 2415 455 2438 occurrisset
469 2414 491 2437 S
510 2428 540 2432 —-
562 2422 585 2446 3.
605 2414 695 2448 sunm]
714 2423 845 2447 magnam
865 2416 887 2440 S
906 2429 937 2434 —
957 2415 980 2439 6.
1002 2417 1069 2440 hinc
1091 2417 1254 2440 districtum
1276 2416 1439 2439 Paduanum
1460 2415 1483 2440 S
1502 2429 1510 2432 -
1532 2416 1657 2447 paduani
1680 2416 1828 2439 districtus
1843 2424 1891 2439 om.
1905 2416 1928 2440 S
1942 2429 1972 2433 -—

140 2463 177 2480 ιο.
197 2457 230 2480 de
245 2456 296 2488 eis}
312 2457 341 2480 in
358 2464 408 2481 eos
423 2457 446 2481 S
465 2470 498 2474 —
521 2464 560 2489 13.
579 2465 697 2488 cumque
718 2459 829 2482 idoneis
850 2459 872 2483 S
890 2471 921 2475 —-
945 2466 984 2490 14.
1005 2466 1067 2482 cum
1087 2466 1120 2482 eo
1141 2460 1240 2482 contra
1259 2458 1282 2482 S

220 2553 229 2570 ¹
249 2554 564 2587 NelCortusi(Cl1ron.,
584 2556 632 2586 ΙΙΙ,
656 2556 697 2586 12)
719 2554 768 2588 piu
787 2558 1023 2587 genericamente,

134 2594 203 2620 “his
222 2597 291 2621 bene
312 2599 461 2622 intrinseci
482 2598 649 2623 obviassent
670 2600 698 2622 in
720 2599 847 2632 duplum,
870 2601 914 2623 sed
937 2600 1025 2623 timor

134 2637 148 2651 ¹‘
158 2639 265 2663 domini
287 2639 374 2664 Canis
395 2644 479 2671 εῖτ-κη,
499 2648 580 2664 senza
603 2642 644 2664 far
666 2642 685 2664 il
708 2649 788 2665 nome
808 2643 835 2665 (li
857 2641 991 2666 Marsilio
1013 2650 1025 2665 e

134 2680 208 2704 della
227 2689 275 2705 sua
295 2690 381 2713 opera
401 2683 559 2714 personale,
579 2690 592 2706 e
618 2684 662 2706 (lei
689 2684 800 2707 divieto
828 2685 862 2707 (ia
890 2685 929 2708 lui
952 2684 1025 2708 fatto

135 2723 192 2754 agli
213 2725 359 2748 intrinseci
381 2725 410 2748 di
431 2726 521 2748 uscire
540 2725 617 2749 dalla
636 2724 717 2750 citta.

222 2763 233 2780 ²
253 2766 388 2796 CORTUS.‚
410 2768 548 2795 Chronica,
568 2767 617 2796 ΠΙ,
641 2774 680 2791 12.

224 2805 234 2821 ³
256 2807 301 2832 Cf.
322 2816 403 2840 capp.
423 2807 513 2841 48-49.

224 2849 234 2865 ⁴
249 2851 295 2875 Cf.
309 2851 447 2881 Cortum,
464 2852 602 2880 Chronica,
612 2852 662 2884 IV,
675 2859 701 2881 2:
717 2853 752 2876 cf.
764 2854 841 2876 sotto
853 2860 911 2884 cap.
926 2859 975 2876 110
985 2860 1025 2884 sg.

223 2891 234 2907 ⁵
255 2892 392 2924 Com-us„
413 2894 552 2925 Chronica,
570 2893 622 2922 Iv,
641 2899 666 2925 5.

223 2931 235 2949 θ
253 2934 390 2964 Com-us,
413 2936 549 2967 Chronica,
570 2936 617 2965 IV,
638 2941 661 2967 5.

224 2977 235 2995 ⁷
253 2977 402 3007 MussATo,
422 2979 466 3003 De
481 2980 577 3011 gestis,
599 2979 644 3011 XI,
668 2986 678 3003 1
700 2980 753 3010 (ed.
773 2980 899 3011 PAnmxr,
925 2987 950 3011 p.
977 2979 1022 3010 89;

139 3019 180 3043 ed.
200 3019 310 3052 Mirum,
330 3029 357 3053 p.
376 3020 429 3054 4²)-

1167 2554 1177 2571 8
1192 2557 1338 2586 MussA-ro,
1356 2557 1397 2579 De
1408 2556 1503 2587 gestis,
1519 2556 1565 2585 IV,
1583 2564 1591 2579 1
1609 2555 1708 2588 (Mum,
1723 2556 1757 2587 X,
1772 2556 1849 2586 Gom:
1873 2557 1885 2568 ⁴¹
1897 2557 1968 2580 Belli

1080 2599 1192 2622 “initio
1212 2599 1286 2629 quod
1306 2606 1367 2621 cuni
1388 2598 1465 2622 Cane
1486 2599 1594 2622 Grandi
1615 2602 1680 2630 post
1700 2601 1806 2629 gcstuni
1828 2601 1869 2622 est
1883 2616 1906 2630 ,‚.

1167 2640 1178 2656 9
1198 2641 1346 2670 Mussixro,
1366 2642 1408 2663 De
1423 2641 1520 2671 gestis,
1536 2640 1582 2671 IV,
1600 2648 1608 2664 1
1630 2638 1730 2673 (Mun,
1748 2642 1779 2669 X,
1800 2642 1877 2668 00⁴0:
1899 2642 1968 2664 “sod

1082 2684 1093 2696 *‘
1106 2684 1155 2706 hat·
1177 2685 1204 2706 in
1227 2684 1361 2714 progenie
1380 2683 1497 2714 juvenes
1517 2685 1597 2706 erunt
1617 2684 1673 2706 (luo
1695 2684 1806 2707 audacis
1822 2684 1928 2707 indolis
1943 2685 1971 2707 et

1079 2726 1091 2739 α
1105 2727 1291 2757 magnanime,
1313 2725 1421 2757 Oppizo
1441 2727 1469 2748 et
1489 2725 1624 2749 Nicolnus
1647 2726 1775 2749 Ulu‘rtini
1798 2726 1871 2749 filius
1886 2743 1906 2755 η.

1169 2767 1189 2782 ¹0
1210 2768 1361 2795 MussfxTo,
1382 2768 1423 2790 De
1439 2768 1536 2798 gestis,
1556 2768 1603 2796 IV,
1619 2775 1627 2791 1
1646 2767 1746 2798 (Mra,
1762 2769 1795 2798 X,
1809 2768 1888 2800 607):
1912 2770 1924 2782 “
1937 2771 1968 2793 ad

1080 2812 1195 2842 “partes
1216 2810 1308 2841 geisae
1330 2810 1474 2840 factionis,
1495 2811 1607 2833 exclusa
1628 2811 1717 2843 plebe,
1739 2818 1827 2835 reruni
1843 2813 1970 2835 oninium

1081 2852 1297 2884 “gubernacula
1318 2852 1457 2875 translata
1478 2854 1543 2875 sunt
1563 2856 1611 2876 etc.
1624 2869 1647 2883 „-

1166 2892 1184 2909 ¹¹
1200 2894 1348 2924 Mussxro,
1362 2895 1404 2917 De
1412 2894 1508 2925 gestlrv,
1523 2893 1571 2923 IV,
1588 2901 1598 2918 1
1615 2894 1713 2925 (Mum,
1726 2894 1758 2922 X,
1770 2894 1847 2926 60s):
1860 2895 1873 2908 “
1886 2897 1970 2927 utque

2000 2733 2032 2750 20

1081 2936 1151 2960 “illi
1171 2937 1205 2960 ad
1227 2939 1325 2960 nutum
1346 2937 1447 2959 cuncta
1474 2937 1662 2965 succederent,
1690 2938 1872 2969 magistratus
1894 2939 1970 2961 urbis
1998 2939 2029 2966 25

1078 2979 1210 3010 “primos
1230 2979 1264 3002 ab
1283 2979 1344 3011 jure
1371 2979 1451 3002 nullo
1478 2980 1584 3010 pudore
1611 2980 1737 3003 assiduus
1758 2981 1968 3011 occupabant„.
