2422 3684
400 1879 430 1895 10

400 2091 430 2117 Ι5

397 2300 430 2317 20

398 2513 429 2538 25

399 2722 432 2746 30

463 227 481 262 4
805 224 977 260 GESTA
1006 222 1311 260 MAGNIFICA
1338 223 1524 260 DOMUS
1554 222 1942 260 CARRARIENSIS

457 365 564 402 gesta,
586 360 649 391 etsi
666 359 771 390 multa
788 358 937 396 fuerunt,
964 369 981 389 e
1006 357 1109 399 longa
1126 363 1240 388 tamen
1258 362 1454 398 temporum
1475 356 1683 398 antiquitate
1708 357 1884 389 hominum
1902 368 1945 389 ex
1962 357 2128 390 memoria
2152 357 2295 400 delapsa

462 412 674 445 ceciderunt.

808 491 851 523 ΙΙ.
880 513 916 517 —
942 491 1082 523 Domini
1103 490 1285 532 Henricm,
1310 490 1484 522 Artt‘ucz'us
1510 495 1544 522 et
1568 491 1777 527 Gumbertas,
1794 491 1946 534 fratr-«25.

547 566 577 596 2.
601 564 644 605 [4‚
669 564 698 601 6,
724 563 766 604 8].
791 580 832 585 —-
858 563 958 594 Auno
983 561 1114 594 domini
1139 562 1318 594 millesimo
1343 561 1556 604 sexagesimo
1581 562 1739 604 septimo,
1759 562 1897 594 domino
1914 562 2045 595 Litolfo
2062 563 2295 604 suprascripto

461 618 518 649 filii
542 621 783 649 successerunt
807 623 952 658 paterna
971 615 1161 656 predivites
1185 615 1378 647 hereditate
1393 614 1414 647 ¹.

1214 668 1289 700 Viri
1313 669 1430 710 utique
1454 668 1629 711 magnifici
1652 669 1687 699 in
1712 669 1854 700 civitate
1878 679 1898 700 a
1926 669 2058 701 civibus
2082 669 2216 701 cunctis
2240 680 2298 700 ve-

461 681 564 712 opum
588 670 770 701 multarum
802 671 918 701 dotem
950 667 1168 700 addiderant.

1460 614 1505 646 Hi
1529 615 1736 647 monasterio
1759 615 1870 646 sancti
1893 615 2041 647 Steffani
2067 617 2112 647 de
2135 616 2296 648 Carraria

461 724 581 765 nerati,
607 723 725 765 populi
750 733 911 765 magnum
936 722 1127 753 habuerunt
1157 722 1322 759 savorem,
1348 722 1517 764 coniugiis
1540 729 1774 753 matronarum
1805 722 1972 754 nobilium
2002 722 2160 754 Marchie
2183 722 2298 754 tocius

460 777 646 808 maioribus
669 775 841 812 associati,
866 776 1027 810 audaces,
1052 775 1223 806 factorum
1246 774 1446 816 ingencium
1471 784 1679 817 agressoreS,
1704 774 1796 806 bello
1822 780 1856 806 et
1887 784 1975 816 pace
2000 775 2187 807 amicorum
2219 785 2299 816 pre-

461 830 549 862 sidio
571 830 702 867 muniti,
728 829 771 860 de
796 839 940 870 quorum
964 827 1168 860 claritudine
1192 834 1368 872 gestorum
1392 827 1500 859 multa
1524 828 1605 860 licet
1627 828 1758 869 possint
1780 827 1945 868 enarrari,
1977 828 2142 859 maiorem
2174 834 2292 860 tamen

459 890 592 925 partem
616 893 658 914 ex
681 883 899 924 presencium
924 881 1090 912 memoria
1115 881 1262 924 longeva
1287 887 1482 922 temporum
1507 881 1699 913 obscuritas
1723 880 1887 913 abolevit.

1119 987 1178 1018 ΙΙΙ.
1203 1005 1245 1009 -
1269 987 1434 1018 Dominus
1460 987 1631 1019 lllz'llonus.

547 1070 577 1101 3.
602 1069 681 1110 [10].
706 1087 747 1091 -
772 1068 875 1099 Anno
900 1067 1030 1099 domini
1054 1067 1235 1099 millesimo
1262 1067 1449 1099 centesimo
1473 1072 1596 1098 octavo
1612 1066 1634 1104 ²,
1659 1066 1811 1099 dominio
1837 1067 1941 1099 castri
1971 1067 2103 1109 prefuit
2125 1067 2297 1099 Carrarie.

460 1123 569 1154 Huius
593 1122 700 1164 patris
725 1132 850 1153 nomen
875 1120 1004 1163 antiqui
1028 1131 1097 1151 non
1121 1120 1317 1161 exprimunt
1341 1120 1484 1152 codices
1497 1122 1518 1152 ³.

464 1176 655 1212 obumbrat,
679 1175 727 1206 sic
753 1174 852 1205 huius
875 1173 1056 1216 magnifica
1079 1180 1175 1216 gesta
1199 1173 1308 1214 patris
1333 1179 1367 1204 et
1390 1183 1533 1204 avorum
1560 1174 1650 1205 fame
1683 1174 1917 1205 detraxerunt.

1565 1120 1651 1152 Cum
1676 1121 1763 1152 sicut
1779 1120 1830 1152 sol
1849 1121 1993 1152 diurnus
2009 1121 2160 1152 minores
2177 1120 2295 1152 stellas

1964 1173 2028 1204 Vir
2053 1184 2200 1215 corpore
2223 1184 2295 1205 ma-

2322 881 2361 912 10

458 1240 557 1271 gnus,
580 1229 695 1260 animo
720 1228 839 1268 maior,
863 1227 973 1258 nichil
997 1233 1064 1258 tam
1088 1227 1320 1268 periculosum
1345 1237 1384 1258 ac
1409 1227 1542 1269 ingens,
1566 1227 1661 1269 quod
1678 1227 1823 1269 aggredi
1839 1225 2054 1264 formidaret,
2079 1227 2114 1258 in
2137 1237 2296 1259 sermone
2325 1226 2362 1258 15

458 1292 594 1323 parcus,
619 1292 720 1323 opum
743 1291 880 1312 suarum
906 1279 1109 1311 distributor
1132 1279 1296 1320 liberalis,
1320 1280 1510 1311 amicorum
1535 1279 1679 1310 iniurias
1702 1290 1764 1321 pro
1788 1279 1936 1321 propriis
1966 1286 2140 1321 reputanS,
2161 1276 2302 1311 'ceteris

461 1336 498 1366 in
522 1335 607 1366 urbe
631 1334 750 1371 maior,
774 1334 871 1375 quasi
895 1332 1054 1364 dominus
1076 1331 1215 1374 publica
1241 1333 1425 1364 commoda
1441 1333 1550 1374 magis
1573 1343 1674 1374 quam
1700 1332 1841 1374 propria
1865 1333 2098 1374 pertractavit,
2123 1333 2302 1364 veridicus

550 1446 573 1470 6.
595 1446 692 1478 opum]
720 1453 837 1478 operum
860 1446 895 1469 ,11

459 1536 545 1559 menti
567 1536 675 1559 storici.
697 1534 745 1557 che
765 1534 905 1558 contione,
926 1542 938 1556 c
959 1534 1071 1557 rilevali
1094 1542 1107 1556 c
1129 1534 1257 1557 sfrnttati
1273 1533 1307 1557 da
1328 1534 1354 1557 B

459 1585 473 1601 e
496 1579 523 1601 C.
562 1576 628 1600 Cos}
657 1578 782 1599 trascura
809 1575 839 1598 di
866 1575 1009 1598 rii-‹u-‹lare
1035 1575 1054 1598 11
1083 1583 1164 1598 nome
1190 1576 1233 1598 dcl
1262 1575 1352 1606 padre,

459 1618 623 1647 Gumburto,
645 1619 695 1641 che
715 1617 727 1641 c
749 1619 890 1648 ignorato,
912 1626 925 1640 c
949 1617 976 1640 (li
1006 1618 1144 1648 precisum
1171 1618 1353 1641 l'estvnsionc

459 1662 501 1685 dci
524 1661 584 1684 suoi
607 1661 744 1691 possess-i:
767 1661 864 1682 ini-cce
885 1659 919 1682 ha
946 1662 1080 1689 presunto
1108 1661 1134 1682 tii
1164 1659 1308 1682 vivificare
1332 1659 1351 1682 il

458 1703 601 1731 racc-outo,
616 1703 643 1723 in
659 1701 763 1724 ‹iifezto
778 1700 805 1723 di
820 1701 890 1723 altre
902 1702 993 1723 sicure
1006 1701 1222 1727 inforinnzioni,
1237 1708 1289 1725 con
1306 1708 1350 1733 ge-

459 1746 554 1768 nerieo
575 1744 738 1775 panegirico
759 1743 786 1765 (11
809 1744 923 1774 propria
945 1743 1126 1766 invenziono.

548 1787 555 1801 ¹
576 1786 597 1808 11
618 1786 739 1811 Ceoldo,
759 1785 931 1808 ricordundo
957 1786 1023 1808 altri
1051 1786 1223 1813 documenti,
1251 1785 1279 1808 in
1307 1785 1351 1808 cui

459 1829 569 1852 Liton‘o
589 1827 602 1851 'c
624 1829 781 1854 nominato,
808 1828 942 1850 asseris-ce
968 1828 1017 1850 che
1043 1834 1088 1850 cra
1114 1827 1159 1857 gia
1188 1830 1279 1850 morto
1308 1827 1351 1850 nel

461 1870 536 1900 1068,
557 1873 661 1893 iun-utre
683 1871 690 1892 i
712 1870 874 1892 dot-uiuenti
896 1870 922 1892 di
945 1870 1119 1899 quell'anno,
1140 1869 1187 1900 piu
1203 1870 1301 1893 avanti
1317 1871 1352 1892 ri-

461 1914 537 1936 scriti
559 1912 603 1935 nel
625 1914 705 1939 testo,
726 1912 754 1934 lo
775 1912 911 1935 indicano
937 1913 1059 1935 siccome
1088 1912 1169 1935 vivo:
1190 1911 1250 1935 cosi
1278 1914 1352 1935 nella

460 1954 575 1977 vendita
595 1954 622 1977 «ii
644 1954 766 1976 Arm-lla
781 1961 805 1984 q.
825 1954 884 1976 Ebo
906 1954 932 1976 di
955 1953 1105 1976 Pernumia
1125 1954 1168 1977 ‹lel
1190 1961 1223 1984 30
1238 1955 1351 1985 inaggio

463 1995 528 2019 1068
548 1997 573 2019 al
595 1995 674 2026 liglio
694 1995 722 2018 di
745 1995 786 2018 lui
809 1996 910 2018 liin-ico
932 1997 953 2018 si
976 1996 1068 2026 legge:
1090 1996 1101 2008 ¹⁴
1115 2012 1174 2020 ....

459 2038 471 2050 “
486 2041 512 2062 te
532 2039 655 2061 ilenrico
676 2038 738 2061 {ilio
767 2036 878 2061 Litolso
904 2038 937 2061 de
964 2038 1027 2061 lot-0
1055 2038 1219 2067 Canariam
1239 2045 1253 2061 e
1277 2038 1350 2061 nella

459 2081 621 2105 donazione
644 2081 687 2103 del
714 2080 730 2103 6
759 2084 860 2112 agosto
889 2080 916 2103 di
947 2081 1076 2104 Artiucio
1104 2081 1262 2103 '‘Artiucio
1292 2080 1351 2103 fillo

461 2122 583 2147 “Litolfi
604 2123 636 2146 de
660 2126 761 2151 castro¹
787 2123 835 2152 qui
864 2125 982 2146 vocatur
1009 2124 1127 2146 Carrara
1142 2139 1162 2152 „.
1198 2123 1228 2146 In
1253 2125 1351 2153 questo

457 2165 581 2190 secondo
600 2172 665 2188 caso
687 2172 743 2187 non
764 2165 787 2187 si
809 2163 864 2196 puo
887 2172 996 2196 ncppur
1016 2168 1172 2197 sospettare
1193 2173 1246 2188 una
1267 2167 1350 2188 omis·

1202 1996 1310 2027 acecpit
1337 2003 1352 2018 a

459 2210 538 2232 sione
557 2208 600 2231 del
621 2208 747 2238 quomlam
768 2206 929 2238 (sax-verto.
950 2206 1049 2238 perche
1070 2208 1091 2230 si
1114 2209 1201 2231 tratta
1215 2208 1243 2230 di
1259 2207 1351 2238 copie)

458 2251 493 2275 da
512 2253 590 2283 parte
610 2249 854 2277 ‹iell’ainanuense‚
875 2248 974 2280 pulani:
996 2250 1041 2272 dal
1062 2250 1234 2272 documento
1250 2250 1350 2273 risulta

458 2294 506 2318 che
528 2294 608 2316 l’asse
628 2293 778 2316 eriditnrio
798 2300 843 2315 cra
866 2293 1004 2320 indiviso,
1025 2300 1038 2316 e
1057 2294 1106 2315 che
1128 2293 1147 2315 il
1164 2292 1289 2316 donante
1310 2292 1350 2315 di-

459 2343 583 2368 sponeva
604 2335 678 2358 della
698 2340 784 2366 quota
805 2343 819 2357 :t
846 2335 886 2358 lui
913 2337 1070 2366 asscgnata‚
1092 2335 1174 2365 quale
1194 2335 1282 2365 tiglio.
1303 2343 1351 2366 per

458 2379 602 2402 divisione
625 2378 699 2400 della
727 2385 814 2400 massa
841 2377 992 2400 ereditaria
1019 2381 1135 2409 paterna
1163 2378 1191 2400 in
1222 2379 1280 2400 vita
1306 2377 1350 2400 del

458 2421 543 2452 padre
562 2423 658 2449 stesso,
680 2427 758 2442 come
778 2419 806 2442 lo
828 2427 914 2450 prova
944 2420 969 2442 la
995 2420 1119 2442 clausola
1146 2420 1173 2442 di
1202 2421 1308 2443 riscrva
1335 2429 1349 2443 a

457 2464 589 2494 garanzia
610 2461 684 2485 della
704 2462 863 2484 ‹lonuzione
889 2461 932 2492 pel
960 2468 1023 2483 caso
1050 2461 1247 2485 dell’etl‘ettiva
1276 2462 1349 2484 divi-

458 2506 539 2528 sione
560 2504 635 2527 della
656 2510 744 2526 massa
765 2504 915 2525 ei-mlitaria
935 2503 1011 2534 (lopo
1032 2503 1058 2526 la
1080 2505 1168 2526 morie
1189 2503 1232 2526 del
1249 2503 1348 2535 padre:

461 2546 526 2569 “Ita
548 2552 640 2569 tamen
661 2548 690 2569 ut
711 2546 733 2568 si
755 2546 862 2568 veniret
884 2546 1005 2576 aliquem
1026 2552 1097 2570 unus
1124 2548 1171 2568 aut
1198 2546 1292 2576 plures
1317 2547 1351 2569 de

460 2589 619 2612 “fratribus
640 2589 717 2612 uicis.
729 2588 777 2618 qui
799 2595 855 2611 non
878 2589 940 2611 vult
960 2589 1109 2611 observare
1125 2589 1166 2611 vel
1182 2595 1240 2612 esse
1255 2595 1350 2611 mona-

462 2632 582 2658 “steriov
603 2632 646 2654 vel
667 2632 687 2653 si
711 2638 761 2659 res,
781 2638 859 2661 quem
882 2631 1010 2661 predicto
1032 2632 1204 2655 monasterio
1220 2632 1304 2654 habet
1323 2634 1350 2655 et

460 2675 472 2687 “
484 2677 569 2704 tenet,
589 2676 617 2696 et
632 2673 773 2705 predictas
789 2681 839 2702 res,
853 2681 904 2704 quc
918 2680 969 2703 ego
984 2673 1108 2704 prcditto
1123 2674 1257 2697 Artiucio
1272 2673 1350 2697 dono

460 2717 534 2747 “pro
555 2717 650 2739 anima
671 2723 729 2738 mea
750 2716 778 2737 in
800 2716 924 2745 preditto
946 2717 1129 2745 monasterio,
1149 2716 1277 2739 dividere
1301 2723 1350 2738 vo-

462 2759 474 2771 “
485 2759 579 2788 luerit,
601 2760 667 2781 tunc
688 2757 824 2788 predittas
839 2764 889 2779 res.
902 2773 909 2780 .
921 2776 925 2780 .
937 2774 942 2780 .
961 2758 1075 2780 veniant
1090 2758 1123 2780 all
1140 2757 1219 2780 illam
1235 2760 1350 2788 partem,

462 2799 474 2812 “
487 2808 538 2831 que
550 2819 554 2823 .
566 2816 573 2824 .
584 2816 590 2823 .
603 2819 608 2823 .
628 2800 790 2822 ordinatum
810 2799 900 2821 habeo
912 2816 935 2828 „.
973 2798 1080 2825 Questo
1103 2797 1118 2822 ὲ
1132 2799 1201 2822 bene
1222 2799 1350 2827 rilevare,

460 2841 559 2874 perche
580 2843 599 2865 il
621 2841 729 2865 Ceoldo
749 2842 973 2864 evidentcmcnte
995 2842 1022 2864 fn
1049 2843 1138 2864 tratto
1165 2841 1194 2863 in
1223 2842 1349 2871 inganno

460 2885 536 2908 dalla
556 2884 678 2907 formula
700 2882 775 2914 “pro
795 2886 890 2906 eterna
917 2884 1145 2906 remuneracione
1171 2884 1264 2905 anime
1291 2890 1349 2906 nice

463 2928 475 2939 ‘¹
487 2929 513 2950 et
527 2927 560 2950 de
573 2926 717 2957 quondam
732 2927 912 2957 parentorum
927 2932 1050 2948 meorum
1062 2943 1085 2954 „.
1123 2924 1350 2948 Etl‘ettivaniente

460 2969 572 2992 Litolfo
593 2967 662 2992 mori
685 2968 776 2999 prima
795 2967 975 2990 dell’ottobrc
998 2972 1073 2996 1077,
1093 2964 1193 2997 poia-hc
1214 2966 1287 2989 nella
1303 2966 1350 2989 do-

461 3012 581 3034 nazione
601 3011 628 3034 di
651 3009 805 3033 Gumberto
826 3009 852 3032 al
873 3010 1036 3032 monastero
1056 3007 1083 3030 di
1105 3006 1132 3031 S.
1157 3008 1279 3031 Stefano
1305 3008 1348 3032 del

1410 1540 1442 1557 20
1461 1534 1488 1557 (11
1509 1535 1570 1565 quel
1594 1541 1666 1558 mese
1691 1535 1715 1558 si
1743 1534 1838 1566 legge:
1866 1535 2044 1559 “Gumberto
2071 1534 2130 1558 silio
2157 1535 2299 1565 quondam

1412 1574 1534 1599 “Litolli
1553 1576 1586 1599 de
1606 1578 1698 1599 vasti-o
1719 1575 1851 1600 Carraria
1862 1585 1891 1607 ,‚;
1917 1584 1931 1600 e
1951 1574 2000 1608 piu
2027 1578 2123 1600 avanti
2155 1576 2167 1589 “
2180 1595 2184 1599 .
2268 1577 2300 1600 de

1411 1618 1423 1629 ‘¹
1435 1618 1494 1641 alio
1510 1619 1582 1641 latus
1598 1618 1712 1642 herodes
1725 1619 1867 1649 quondam
1880 1619 2010 1642 Lintulfo
2025 1619 2126 1642 abente
2136 1636 2149 1648 „
2163 1617 2301 1650 (Granum,

1411 1661 1473 1684 Cod.
1493 1662 1570 1690 dipl„
1590 1662 1608 1686 Ι.
1636 1660 1686 1692 276
1712 1669 1760 1692 sg.‚
1789 1669 1836 1684 nn.
1857 1667 1917 1692 250.
1939 1660 2009 1692 251).
2046 1661 2110 1684 Non
2139 1662 2160 1684 si
2188 1661 2301 1699 devotio

1408 1701 1502 1733 percio
1523 1702 1670 1726 intendere
1692 1702 1716 1726 le
1737 1703 1835 1733 parole
1855 1703 1898 1726 del
1927 1704 2026 1726 nostro
2053 1702 2198 1726 annalista
2223 1709 2302 1726 come

1408 1744 1549 1767 indicanti
1580 1753 1633 1768 nna
1662 1745 1840 1768 successione
1869 1745 2031 1774 creditaria,
2063 1747 2169 1775 quanto
2204 1745 2301 1768 invoco

1407 1793 1462 1809 una
1489 1788 1667 1810 successione
1693 1794 1741 1818 per
1767 1787 1910 1810 divisione
1936 1788 1979 1809 dei
2007 1786 2072 1810 beni
2099 1787 2219 1817 paterni,
2246 1793 2299 1810 con

1406 1829 1610 1859 assegnazione
1635 1829 1707 1852 delle
1732 1831 1816 1859 quote
1844 1828 2021 1852 individuali
2050 1828 2225 1860 disponibili
2253 1828 2299 1852 nei

1406 1870 1511 1899 singoli
1534 1870 1602 1902 ligli,
1623 1878 1700 1894 come
1719 1871 1756 1894 ho
1777 1871 1855 1894 detto
1876 1868 1925 1902 piu
1945 1877 2038 1902 sopra.
2076 1869 2107 1893 In
2130 1868 2239 1894 realtai
2261 1877 2300 1894 re-

1406 1913 1516 1937 dattori
1537 1913 1611 1936 della
1631 1913 1804 1937 cronistoria
1826 1920 1972 1941 carran-se,
1993 1913 2022 1936 in
2046 1913 2151 1937 difetto
2177 1913 2206 1936 di
2232 1912 2299 1936 altri

1407 1956 1577 1985 documenti,
1599 1962 1668 1979 sono
1689 1955 1791 1979 inclini
1814 1964 1827 1979 a
1848 1956 1978 1979 stabilire
1999 1955 2025 1978 la
2052 1955 2229 1978 successione
2255 1955 2301 1979 <lei

1406 1997 1464 2028 figli
1487 1997 1512 2020 al
1533 1997 1617 2029 padre
1637 2006 1652 2021 a
1671 1998 1846 2028 qnell'anno,
1867 1999 1895 2021 in
1917 1999 1960 2021 cui
1983 2005 2032 2028 per
2052 1997 2078 2020 la
2103 1998 2195 2029 prima
2221 1996 2301 2020 volta

1405 2040 1459 2063 essi
1480 2041 1696 2070 compar-iscono
1718 2041 1796 2072 agire
1816 2047 1863 2072 per
1884 2041 1987 2063 diritto
2002 2041 2127 2071 propriO.
2165 2039 2206 2064 Lo
2221 2040 2300 2063 scrit-

1405 2084 1466 2105 torc
1487 2082 1516 2105 di
1537 2083 1569 2109 Α,
1589 2090 1617 2106 se
1636 2083 1765 2106 conobbe
1785 2082 1795 2105 i
1815 2082 1989 2110 documenti,
2008 2082 2113 2105 rifcriti
2136 2083 2165 2106 in
2186 2081 2211 2104 B
2236 2089 2250 2105 e
2272 2082 2300 2106 C.

1407 2131 1440 2147 nc
1460 2125 1527 2148 ebbe
1548 2126 1670 2148 nozione
1690 2125 1820 2156 generica
1841 2132 1854 2147 e
1875 2131 1949 2155 pone
1970 2131 2018 2156 per
2036 2131 2132 2148 errore
2155 2125 2181 2148 la
2208 2125 2299 2156 prima

1407 2167 1518 2190 notizia
1539 2167 1564 2190 al
1587 2166 1662 2197 1067,
1681 2167 1852 2190 affermando
1867 2166 2018 2190 scnz’altro
2034 2167 2061 2190 la
2075 2166 2179 2190 diretta
2193 2173 2299 2190 succes-

1405 2210 1485 2233 sione
1507 2211 1534 2232 in
1562 2209 1617 2233 talc
1643 2216 1727 2240 anno,
1755 2211 1861 2233 mentre
1883 2210 1915 2234 Β,
1939 2209 2135 2232 trascrivendo
2163 2207 2298 2240 integral-

1405 2253 1517 2275 mentei
1532 2252 1706 2282 documenti,
1720 2251 1807 2275 lascia
1822 2251 1927 2274 dubbia
1942 2252 1968 2274 la
1982 2251 2048 2275 data
2062 2251 2090 2274 di
2106 2252 2297 2279 successione;

1407 2294 1429 2316 C
1448 2294 1468 2315 si
1492 2291 1588 2316 limito
1608 2290 1659 2324 piu
1677 2294 1864 2316 esattamente
1883 2299 1898 2316 a
1913 2292 2025 2315 riferIrc
2040 2299 2122 2316 senza
2137 2293 2298 2315 commento

1407 2336 1413 2357 i
1436 2335 1609 2358 documenti.

1494 2376 1503 2392 ²
1523 2378 1574 2401 Per
1595 2386 1630 2401 nn
1651 2377 1782 2401 evidente
1796 2385 1891 2401 errore
1905 2378 1931 2401 (11
1949 2377 2052 2401 lettura
2067 2377 2110 2400 de]
2126 2376 2297 2401 documento

1405 2419 1518 2443 riferito
1539 2420 1568 2442 in
1592 2420 1616 2442 Β
1634 2426 1647 2442 e
1669 2420 1698 2447 C,
1719 2426 1772 2442 ove
1791 2419 1812 2443 si
1830 2419 1924 2450 legger
1940 2418 1950 2429 ‘¹
1964 2418 2118 2442 millesimo
2131 2417 2295 2448 centesimo,

1407 2460 1532 2484 “octavo
1553 2461 1608 2483 kal.
1629 2461 1798 2491 octu1›ras„.

1493 2501 1503 2518 ³
1522 2503 1756 2527 Evidentemente
1771 2503 1816 2526 l'a.
1832 2502 1925 2526 allude
1939 2503 1965 2526 al
1980 2501 2134 2526 cartulario
2148 2509 2296 2532 carrarese,

1405 2546 1432 2569 di
1453 2545 1500 2569 cui
1519 2552 1607 2569 avc-va
1628 2547 1739 2568 notizia
1760 2554 1772 2568 e
1792 2546 1813 2569 si
1837 2546 1956 2573 serviva,
1977 2543 2026 2568 else
2051 2545 2124 2567 altro
2150 2544 2297 2568 materiale

1405 2595 1453 2619 por
1474 2589 1499 2611 la
1518 2588 1608 2611 storia
1628 2587 1671 2610 dei
1688 2588 1772 2619 primi
1788 2588 1902 2610 membri
1918 2587 1992 2611 della
2005 2593 2070 2610 casa
2084 2593 2224 2610 carrarese
2239 2593 2295 2610 non

1405 2631 1567 2662 possedeva.
1605 2630 1638 2653 Sc
1658 2637 1710 2662 pur
1730 2637 1786 2653 non
1808 2631 1830 2653 si
1851 2629 1922 2653 deva
1949 2630 2104 2659 sospettare
2130 2636 2184 2652 una
2211 2630 2296 2652 inter-

1405 2672 1559 2703 pola-aione
1579 2672 1622 2695 del
1643 2674 1774 2704 postumo
1790 2671 2026 2695 contaminatore.
2064 2671 2102 2694 La
2117 2671 2215 2694 stretta
2230 2677 2296 2694 ana-

1405 2715 1483 2746 logia
1504 2715 1531 2737 di
1552 2717 1650 2745 questa
1669 2714 1845 2745 espressione
1865 2721 1914 2738 con
1940 2713 1967 2741 C,
1981 2713 2008 2736 la
2023 2714 2161 2736 struttnra
2176 2713 2203 2736 di
2219 2714 2295 2737 tutto

1405 2757 1424 2779 il
1448 2757 1536 2780 brano
1559 2756 1570 2768 “
1583 2757 1671 2780 liuius
1691 2756 1852 2787 patris....
1872 2756 2079 2778 contraxerunt
2090 2772 2113 2784 „‚
2140 2754 2169 2778 di
2195 2761 2295 2785 sapore

1404 2799 1585 2826 umanistico,
1606 2798 1633 2821 la
1654 2797 1840 2826 disarmonia‚
1860 2796 1909 2820 che
1931 2797 1958 2819 la
1979 2803 2027 2819 sua
2051 2797 2254 2820 introdnzione
2280 2804 2294 2820 a

1404 2843 1502 2871 questo
1523 2841 1618 2871 luogo,
1638 2847 1699 2863 resa
1719 2839 1745 2862 al
1765 2840 1838 2862 testo
1857 2839 1887 2861 in
1908 2838 2064 2862 confronto
2085 2838 2160 2862 dello
2184 2839 2293 2862 schema

1403 2882 1534 2906 adottato
1555 2881 1628 2905 nelle
1647 2881 1718 2904 altre
1738 2881 1804 2909 vite,
1824 2887 1894 2904 sono
1915 2881 2071 2912 argomenti
2094 2880 2242 2911 plausibili
2263 2880 2292 2904 di

1403 2927 1539 2955 sospetto.
1577 2922 1634 2951 Qui
1658 2924 1680 2946 si
1710 2922 1890 2951 rivelerebhe,
1916 2930 1993 2946 come
2021 2922 2140 2950 altrove,
2167 2923 2194 2946 la
2219 2923 2293 2946 lieve

1403 2973 1486 2996 opera
1507 2967 1534 2989 di
1556 2966 1666 2989 ritocco
1686 2965 1831 2995 eompiuta
1852 2965 1881 2988 in
1897 2966 1992 2996 tempo
2006 2961 2055 2995 piu
2068 2965 2152 2988 tardo
2167 2964 2213 2988 dal
2228 2972 2293 2989 eon-

1404 3008 1576 3032 taminatore
1596 3007 1640 3031 del
1662 3008 1744 3030 testo.

2329 1626 2364 1651 40

2328 1837 2361 1863 45

2329 2050 2363 2076 50

2328 2258 2359 2283 55

2324 2463 2405 2502 604

2322 2888 2355 2914 70
