2422 3684
439 256 486 290 82
784 251 954 288 GESTA
983 251 1291 286 MAGNiFlCA
1322 250 1503 286 DOMUS
1533 251 1920 288 CARRARIENSIS

752 384 894 416 REDAz.
919 383 951 414 A

427 457 491 499 ipsi
516 456 654 488 domino
678 455 865 487 Francisco
889 454 1044 485 Venetos
1067 454 1189 484 iterum
1221 463 1275 483 su-

428 521 490 551 per
506 510 557 540 his
573 510 693 540 facere
710 508 883 549 previsos:
902 507 960 548 qui
974 506 1129 537 similiter
1146 505 1272 537 bonum

428 563 534 603 ipsius
561 572 706 604 arguere
723 561 936 602 propositum
961 566 1143 600 ratumque
1162 564 1275 589 tantos

430 622 572 647 conatus
594 615 675 646 solis
705 615 818 645 verbis
842 612 1023 653 impedire,
1046 621 1126 642 suos
1143 611 1187 642 ad
1205 611 1276 643 (116-

428 676 498 700 tum
524 678 638 710 regem
664 667 785 698 misere
812 667 953 707 legatos.
994 663 1092 701 Quos
1115 673 1176 695 rex
1200 664 1274 705 ipse

429 733 496 753 non
521 732 640 762 passus
664 720 800 756 intueri,
825 719 884 750 sed
910 718 1017 759 magis
1048 718 1099 748 ira
1129 728 1273 749 succen-

429 787 484 807 sus
508 775 618 806 subito
644 783 688 805 ex
713 773 894 814 Hungaria
916 771 1012 802 iussit
1028 771 1135 808 abire,
1152 771 1274 802 extim-

429 829 556 870 ploque
580 837 817 869 precessurum
845 825 887 856 ad
913 824 1070 856 Italicum
1094 824 1201 854 solum
1227 823 1274 854 le<

428 887 526 923 gatos
549 882 642 921 ipsos
668 878 855 909 exercitum
881 888 977 908 suum
1001 877 1099 908 iussit
1123 878 1157 908 in
1176 887 1275 917 expe-

430 934 614 965 dicionem.
661 932 786 973 Sicque
811 931 955 961 militem
977 941 1073 962 suum
1099 930 1275 961 dominum

430 986 627 1019 Conradum
643 986 686 1016 de
707 984 847 1021 Volfert‚
872 993 1021 1020 suevum,
1039 983 1160 1014 ducem
1178 992 1274 1014 exer-

431 1041 517 1072 citus
541 1039 603 1076 sui,
628 1037 765 1068 marinis
789 1043 982 1078 expertum,
1014 1036 1071 1077 qui
1105 1036 1275 1078 Apuleam

430 1094 495 1124 iam
519 1098 597 1124 ante
622 1096 820 1122 vexaverat.
835 1100 912 1121 cum
937 1090 1138 1121 Hunnorum
1165 1089 1273 1120 multi-

430 1147 547 1178 tudine
587 1146 727 1185 copiosa
747 1143 766 1180 ¹,
804 1143 854 1174 uti
886 1153 1071 1179 cursorem,
1109 1143 1277 1184 premisit,

432 1198 621 1240 Coneglani
639 1197 804 1238 oppidum
820 1195 1046 1231 obsessurum,
1060 1205 1275 1237 sequensque

431 1252 577 1284 mirabili
601 1262 676 1282 cum
711 1250 864 1281 exercitu
892 1250 1050 1291 predicte
1082 1260 1117 1280 se
1142 1248 1277 1280 addidit

431 1306 613 1337 obsidioni.
660 1304 767 1334 Erant
806 1303 896 1334 enim
935 1303 1038 1334 blada
1073 1304 1107 1332 in
1147 1302 1276 1343 campis

431 1359 580 1390 nondum
624 1364 756 1388 matura
796 1356 980 1398 incoleque
1018 1355 1169 1386 adventu
1209 1361 1275 1385 tam

430 1422 580 1454 propero
600 1411 720 1448 territi,
737 1409 867 1440 relictis
884 1409 982 1446 casis,
999 1407 1277 1439 habitacionibus

431 1471 465 1496 et
488 1465 591 1502 villis,
616 1474 690 1495 cum
718 1472 785 1504 quo
812 1468 1005 1503 potuerunt,
1021 1472 1056 1493 se
1074 1461 1118 1492 ad
1136 1460 1277 1491 munici·

430 1519 489 1559 pia
506 1522 720 1549 retraxerant
731 1515 752 1547 ².
790 1514 872 1552 Sed,
890 1526 957 1546 non
975 1515 1090 1546 multis
1108 1514 1200 1545 circa
1217 1514 1277 1545 ob-

431 1571 599 1603 sidionem
625 1570 819 1610 Coneglani
838 1568 1049 1609 consumptis
1067 1567 1198 1604 diebus,
1215 1576 1277 1597 rex

432 1635 508 1656 cum
533 1623 604 1654 eius
628 1628 763 1653 rectore
789 1620 961 1666 ‚Cacharia
988 1621 1185 1652 Contareno
1218 1621 1278 1649 ha-

432 1677 503 1709 bito
521 1682 668 1707 tractatu
685 1682 833 1706 castrum
851 1675 962 1715 ipsum
981 1673 1130 1705 obtinuit
1144 1675 1164 1708 ³,
1183 1673 1279 1704 cuius

432 1730 533 1762 castri
560 1740 675 1759 curam
709 1739 785 1759 cum
818 1727 978 1768 gentibus
1011 1727 1188 1767 oportunis
1219 1737 1278 1757 rex

431 1784 506 1824 ipse
524 1781 726 1823 quibusdam
745 1781 809 1811 loci
828 1779 961 1811 civibus
978 1779 1131 1821 permisit
1149 1780 1278 1811 liaben-

433 1837 521 1873 dam,
552 1835 733 1875 subitoque
766 1833 880 1864 incole
913 1839 987 1864 sata
1017 1843 1078 1864 sua
1108 1833 1175 1863 iam
1207 1832 1278 1863 sole

434 1890 567 1931 digesta
591 1893 832 1929 perceperullt.
877 1887 954 1918 Rex
979 1896 1061 1916 vero
1086 1886 1159 1927 ipse
1186 1886 1279 1917 circa

433 1942 626 1972 Tarvisium
640 1944 661 1978 ⁴,
681 1940 792 1970 l‘lavis
809 1939 898 1970 fluvii
917 1945 1078 1979 superato
1103 1939 1204 1976 vado,
1223 1949 1279 1969 ca-

433 2001 501 2026 stra
519 1994 627 2035 ponit,
646 2003 790 2034 cumque
805 1993 914 2033 copiis
928 2000 1133 2023 armatorum
1151 2002 1192 2022 ex
1209 1992 1280 2022 suis

434 2049 529 2079 circa
552 2053 698 2077 castrum
724 2046 824 2077 Asilli
849 2045 992 2077 comi-tes
1015 2045 1103 2075 misit
1133 2045 1210 2081 Cili,
1237 2045 1278 2075 (16

435 2100 653 2141 Pliambergh
679 2105 712 2130 et
737 2100 779 2130 de
797 2099 913 2136 Valse„
930 2099 985 2140 qui
1005 2105 1152 2129 castrum
1170 2099 1278 2139 ipsum

435 2155 571 2186 nomine
595 2154 700 2194 ipsius
725 2153 933 2183 obsiderent.
974 2152 1044 2183 Sed
1062 2162 1129 2182 non
1148 2158 1279 2192 pei-tra-

435 2215 490 2240 cto
515 2209 607 2239 circa
631 2207 847 2238 obsidionem
867 2205 994 2237 mensis
1010 2205 1137 2246 spacio,
1155 2205 1279 2236 Iohan-

436 2272 496 2291 nes
522 2262 729 2296 Foscareno,
753 2260 822 2291 loci
840 2265 965 2295 rector,
982 2259 1147 2300 pactione
1164 2258 1279 2300 aliqua

435 2325 511 2346 cum
538 2313 703 2355 predictis
728 2312 843 2344 habita
867 2313 1059 2354 obsideque
1085 2312 1166 2343 dato
1199 2312 1279 2349 tilio,

436 2373 581 2399 castrum
606 2367 715 2407 ipsum
731 2366 741 2381 ⁵
765 2366 867 2397 salvis
891 2366 1037 2397 restituit
1067 2367 1223 2407 personis
1248 2372 1280 2396 et

436 2432 505 2452 ere.
552 2420 715 2452 Similiter
740 2427 773 2450 et
798 2420 940 2449 comites
965 2420 1007 2450 de
1026 2419 1196 2450 Collealto
1214 2419 1279 2460 ipsi

436 2485 512 2506 cum
537 2473 628 2505 omni
652 2483 712 2504 suo
730 2478 906 2513 potentatu
929 2472 992 2512 ipsi
1010 2472 1081 2514 regi
1098 2471 1280 2503 servitores

436 2528 618 2559 adhesere:
644 2525 812 2567 parebant
836 2531 870 2555 et
893 2525 1002 2556 eciam
1027 2525 1099 2567 regi
1123 2523 1187 2565 ipsi
1206 2523 1278 2556 Ro-

527 2648 566 2674 19.
587 2639 734 2671 actoleque
754 2640 790 2662 iil
806 2652 837 2656 --
859 2645 899 2663 21.
920 2645 972 2670 que
992 2639 1028 2662 M

526 2796 534 2812 ¹
555 2796 692 2823 Coarus..
715 2795 853 2824 Chronica,
875 2795 920 2823 XI,
940 2796 972 2819 8:
995 2794 1006 2806 ‘⁴
1019 2795 1116 2818 Primo
1136 2796 1236 2819 contra
1256 2793 1327 2817 Tar-

440 2839 576 2866 “visium,
597 2838 670 2869 quod
698 2838 845 2861 tenebatur
874 2844 889 2860 a
916 2837 1040 2865 Venetis,
1067 2837 1146 2860 misit
1173 2837 1228 2860 (luo
1248 2835 1328 2858 mille

440 2882 450 2893 ‘⁴
463 2881 592 2912 galeatos
604 2898 626 2910 n·

525 2919 534 2934 ²
554 2921 688 2950 Comus„
711 2922 848 2951 Chronica,
862 2921 907 2949 XI,
923 2920 954 2944 S:
972 2921 984 2934 “
995 2920 1121 2952 Fugiunt
1136 2920 1244 2948 coloni,
1258 2919 1328 2942 fiunt

437 2963 540 2987 “cedes
559 2967 587 2987 et
607 2963 690 2995 prede
711 2963 802 2986 latent
823 2963 923 2986 Veneti
946 2964 974 2986 in
995 2962 1129 2986 Tarvisio
1143 2978 1165 2993 „.

525 3005 535 3020 ³
556 3004 690 3037 Comus,
711 3005 848 3033 Chronica,
874 3005 919 3033 XI,
946 3004 974 3027 ὃς
1005 3003 1223 3035 “Coniglanum
1247 3003 1328 3027 datur

1345 867 1382 897 10

1345 1131 1381 1163 15

1343 1399 1383 1429 20

1343 1666 1383 1696 25

1344 1933 1385 1964 30

1345 2456 1385 2485 40

1755 383 1894 416 REnAz.
1920 383 1956 415 D

1435 464 1514 485 ra-ra
1536 464 1600 495 per
1621 454 1632 485 i
1656 454 1716 492 soi,
1741 454 1806 486 che
1831 454 1851 484 ’l
1879 454 1999 496 tegnia
2030 454 2064 484 in
2098 453 2274 497 Hongaria

1435 519 1496 549 per
1519 507 1627 540 sentir
1651 508 1706 540 del
1731 508 1938 540 movimento
1965 507 2021 539 del
2046 507 2139 538 dicto
2171 518 2207 539 re
2239 509 2271 539 61

1435 561 1566 602 grande
1591 561 1812 602 apparechio,
1831 563 1895 593 che
1912 572 1948 592 se
1967 571 2009 602 ge
2029 561 2136 597 fasea,
2160 566 2194 591 et
2218 561 2274 592 del

1437 613 1555 656 viaeeo
1590 620 1812 656 spaoamento
1848 625 1911 656 per
1942 615 2051 645 clover
2086 614 2276 645 descendat

1434 665 1468 697 in
1485 666 1679 704 Trivisana‚
1697 668 1850 699 anchora
1866 668 1962 709 piase
1983 667 2013 698 al
2040 667 2133 698 dicto
2157 667 2274 708 signor

1434 718 1558 749 mesier
1589 718 1784 750 Francesco
1809 718 1947 750 advisar
1970 718 2065 760 quilli
2092 717 2136 748 da
2160 717 2276 748 Vene-

1435 769 1487 799 sia
1509 779 1610 800 sovra
1639 775 1779 811 questo:
1810 771 1821 800 i
1854 769 1945 811 quali
1977 768 2189 799 simelmente
2218 778 2275 799 ca-

1436 821 1507 852 leto
1532 822 1564 853 el
1587 833 1625 854 so
1650 823 1718 854 bon
1749 829 1924 864 proposto,
1949 828 1982 853 et
2007 821 2184 863 pensando
2209 831 2276 852 con

1437 874 1468 906 le
1491 875 1561 907 sole
1585 875 1704 917 parole
1728 877 1880 918 impaoar
1903 876 1930 906 si
1955 886 2040 917 gran
2057 875 2276 913 movimento,

1437 928 1562 960 mando
1579 939 1616 959 so
1634 929 1834 961 ambaxaori
1858 929 1888 959 al
1906 939 1952 959 re.
1992 929 2006 959 I
2025 927 2114 969 quali
2132 927 2164 958 61
2181 927 2276 959 dicto

1437 992 1473 1012 re
1498 991 1541 1014 no
1565 982 1753 1014 solamente
1777 982 1861 1014 soffri
1889 994 1907 1013 a
1939 983 2098 1024 guard-ar,
2130 993 2186 1013 ma
2217 981 2275 1023 piu

1437 1045 1560 1066 acceso
1574 1035 1661 1066 d'ira
1678 1035 1709 1066 el
1727 1035 1895 1067 comando
1912 1036 2021 1066 dover
2037 1035 2149 1066 subito
2167 1034 2276 1076 partit

1437 1087 1481 1119 de
1499 1088 1684 1131 Hougaria.
1727 1089 1773 1120 Et
1789 1089 2025 1120 incontinente
2044 1087 2175 1119 ordeno
2192 1093 2225 1119 et
2241 1086 2276 1118 fe

1438 1147 1567 1172 mecter
1582 1142 1613 1172 el
1630 1153 1666 1174 so
1684 1143 1836 1174 exercito
1854 1154 1872 1174 a
1891 1150 2031 1184 puncto,
2049 1143 2114 1174 0116
2132 1143 2277 1174 dovesse

1437 1196 1536 1237 nanei
1554 1205 1648 1226 esser
1664 1197 1698 1227 in
1723 1196 1823 1227 Italia
1844 1197 1908 1227 cha
1926 1197 1935 1226 i
1962 1197 2047 1227 dicti
2064 1195 2275 1227 ambaxaori.

1438 1248 1480 1278 Et
1504 1248 1574 1279 cosi
1597 1249 1629 1280 el
1653 1249 1779 1281 mando
1803 1250 1927 1292 inanei,
1959 1259 2058 1281 como
2092 1249 2276 1285 conredor,

1437 1310 1502 1332 con
1527 1312 1594 1332 una
1611 1303 1753 1344 copiosa
1769 1303 1993 1334 moltitudene
2012 1303 2055 1333 de
2071 1301 2226 1344 Hongari
2244 1301 2277 1332 61

1438 1366 1475 1387 so
1500 1355 1671 1387 cavaliero
1696 1356 1818 1387 mesier
1841 1355 1954 1387 Com-{1
1987 1355 2030 1386 de
2063 1354 2202 1387 Volsert
2233 1355 2276 1385 de

1436 1408 1572 1445 Suavia,
1608 1410 1780 1450 capitanio
1815 1409 1872 1440 del
1903 1420 1938 1441 so
1975 1409 2140 1446 exercito,
2174 1408 2277 1439 homo

1438 1464 1542 1494 molto
1574 1467 1716 1503 experto
1749 1467 1782 1492 et
1805 1461 1836 1492 el
1864 1460 1942 1503 qual
1975 1470 2037 1501 per
2063 1461 2094 1490 lo
2126 1460 2214 1490 ditto
2239 1469 2275 1490 re

1438 1517 1543 1547 molto
1568 1522 1683 1556 tempo
1707 1515 1820 1557 inanei
1836 1515 1946 1546 havea
1968 1514 2071 1544 molto
2089 1514 2227 1545 deserto
2244 1512 2278 1543 la

1440 1568 1534 1606 l'uia,
1553 1569 1616 1600 0116
1629 1569 1773 1599 dovesse
1791 1567 1933 1599 assidiar
1951 1568 1980 1597 el
1999 1567 2140 1598 castello
2153 1566 2197 1597 de
2211 1566 2278 1598 Co-

1439 1623 1589 1664 niglano‚
1607 1628 1641 1653 et
1657 1621 1723 1663 po’,
1741 1620 1916 1663 seguando
1934 1620 1980 1651 lui
1998 1630 2063 1651 con
2080 1630 2148 1651 uno
2165 1629 2275 1650 mera-

1439 1677 1554 1708 veioso
1578 1675 1745 1713 exercito,
1769 1685 1804 1706 se
1827 1684 1951 1716 aoonse
1968 1674 1999 1704 al
2018 1674 2111 1705 dicto
2129 1672 2276 1704 assediot

1439 1729 1506 1760 Era
1526 1729 1555 1760 16
1571 1728 1672 1760 biave
1690 1728 1744 1759 nei
1768 1728 1882 1768 campi
1907 1738 1950 1758 no
1975 1727 2041 1758 ben
2066 1727 2220 1762 madure,
2243 1731 2278 1756 et

1439 1782 1533 1824 quilii
1547 1782 1600 1812 del
1619 1791 1732 1822 paese,
1749 1781 1931 1822 impauridi
1951 1780 2003 1811 del
2029 1790 2066 1811 so
2084 1779 2152 1811 cosi
2177 1779 2276 1821 viaoo

1439 1836 1511 1876 (sic)
1536 1835 1656 1877 vignir,
1675 1834 1900 1866 abandonade
1918 1834 1948 1863 16
1973 1844 2064 1871 ease,
2088 1833 2120 1864 16
2144 1832 2277 1863 habita-

1440 1889 1519 1920 cion
1532 1895 1565 1919 et
1579 1888 1609 1918 16
1623 1887 1701 1918 ν1116
1715 1897 1780 1919 con
1794 1887 1920 1928 quello,
1936 1886 2000 1918 che
2015 1886 2071 1917 elli
2085 1885 2184 1927 posse
2199 1895 2275 1926 por—

1437 1949 1501 1979 tar,
1517 1952 1553 1973 se
1572 1942 1710 1973 redusse
1731 1941 1798 1971 alle
1816 1940 1959 1982 forteee.
2004 1939 2064 1970 Ma
2088 1949 2132 1970 no
2155 1937 2276 1970 siando

1438 1995 1538 2027 stado
1555 1994 1648 2026 molti
1666 1994 1696 2024 di
1713 1993 1744 2024 al
1763 1993 1859 2025 dicto
1883 1993 2017 2023 assedio
2034 1993 2077 2023 (16
2094 1990 2276 2033 Coniglan‚

1439 2049 1468 2079 61
1496 2059 1544 2086 re,
1567 2047 1705 2079 habudo
1729 2046 1821 2088 pacti
1850 2046 1903 2078 col
1936 2052 2070 2077 rectore
2095 2045 2153 2076 del
2183 2044 2276 2075 dicto

1438 2101 1591 2137 castello,
1605 2100 1785 2132 chiamado
1798 2098 1968 2144 §Dacharia
1982 2098 2175 2135 Contarini‚
2188 2098 2275 2128 have

1440 2156 1471 2187 61
1487 2154 1626 2186 castello
1643 2153 1814 2194 predicto,
1833 2152 1863 2183 la
1880 2153 2009 2194 guarda
2034 2152 2088 2183 del
2109 2151 2189 2192 qual
2206 2150 2277 2181 luo-

1438 2219 1481 2251 go
1505 2209 1537 2239 el
1554 2219 1590 2239 re
1607 2207 1695 2238 lasso
1713 2206 1756 2237 ad
1779 2206 1892 2247 alguni
1912 2206 2066 2242 citudini,
2091 2204 2226 2235 lassado
2253 2202 2275 2234 11

1439 2270 1540 2305 gente
1565 2260 1739 2292 bastevole
1771 2259 1839 2290 alla
1862 2259 1994 2301 guarda
2018 2258 2073 2289 (161
2099 2258 2192 2289 dicto
2219 2266 2276 2288 ca-

1439 2315 1546 2347 stello.
1578 2313 1622 2345 Et
1634 2312 1763 2344 allorai
1780 2311 1927 2342 abitaori
1944 2311 1999 2342 del
2018 2321 2133 2352 paese,
2149 2309 2275 2352 seguri,

1440 2369 1576 2401 andono
1593 2377 1655 2409 per
1678 2367 1710 2398 le
1736 2365 1816 2397 ville
1841 2371 1873 2396 et
1897 2366 1907 2396 i
1932 2366 1981 2396 soi
2007 2364 2098 2406 luogi
2115 2374 2134 2395 a
2154 2363 2276 2396 choier

1439 2423 1471 2454 le
1495 2421 1595 2454 biave
1618 2420 1658 2463 ea
1682 2419 1834 2450 madure.
1881 2419 1920 2449 El
1940 2430 1987 2457 re,
2005 2418 2150 2459 passado
2167 2416 2198 2448 61
2215 2416 2276 2461 Ηυῇ

1439 2486 1491 2506 me
1515 2474 1606 2505 della
1630 2472 1747 2509 Piave,
1770 2472 1882 2503 subito
1906 2481 1990 2513 pose
2022 2481 2144 2511 campo
2167 2470 2275 2501 intor-

1438 2538 1482 2559 no
1499 2539 1518 2558 a
1535 2526 1680 2558 Treviso
1696 2532 1731 2557 et
1748 2535 1812 2557 con
1830 2525 1917 2556 altra
1929 2531 2032 2567 gente
2052 2524 2106 2555 del
2122 2533 2160 2555 so
2177 2531 2275 2554 exer-

1526 2641 1548 2658 2.
1569 2634 1673 2666 degnia
1696 2634 1722 2657 P

1383 2791 1463 2823 “regi
1487 2790 1629 2814 obsidenti
1653 2796 1745 2812 mense
1765 2788 1829 2821 julii
1845 2805 1869 2818 7„

1470 2831 1480 2847 ⁴
1502 2831 1634 2859 CORTUS„
1656 2831 1794 2861 Chronica,
1814 2831 1860 2858 XI¹
1882 2830 1910 2855 S:
1934 2829 2018 2853 “Rex
2039 2837 2105 2853 vero
2131 2831 2271 2862 potentis-

1383 2875 1494 2899 “simus
1513 2882 1572 2898 cum
1592 2874 1718 2897 exercitu
1739 2873 1874 2897 transivit
1893 2873 2007 2896 Plavem
2027 2874 2055 2896 et
2075 2873 2190 2896 obsedit
2203 2873 2272 2896 Tar-

1386 2918 1398 2930 ‘⁴
1411 2918 1515 2941 visium
1527 2934 1552 2947 Π.

1471 2957 1481 2973 5
1503 2957 1636 2986 Comus..
1660 2957 1795 2985 Chronica,
1816 2957 1861 2985 XI,
1877 2956 1907 2980 S:
1931 2956 2050 2980 “Mense
2070 2957 2143 2990 jullii
2161 2963 2209 2989 per
2223 2964 2270 2988 po·

1384 3001 1539 3025 “testatem
1562 3002 1690 3023 ven-<tum
1713 3002 1834 3023 castrum
1855 3000 1929 3023 Asili
1951 3000 2034 3023 (latur
2055 3000 2112 3030 regi
2127 3016 2149 3028 „.

2320 2880 2351 2898 10
