2422 3684
466 257 636 292 GESTA
664 255 969 291 MAGNIFICA
1000 254 1188 290 DOMUS
1218 252 1611 288 CARRARIENSIS

442 390 582 421 REDAz.
607 387 639 420 A

204 462 436 495 Anthoniolus
459 461 502 492 de
527 460 660 492 Sancto
688 458 796 491 Vitali

204 517 417 548 Bertrandus
441 514 485 546 de
509 513 642 546 Rubeis

206 570 413 603 Guilielmus
437 570 481 600 de
507 567 724 609 Aldigheriis
749 573 782 598 et

205 623 400 655 Anthonius
425 623 469 654 de
493 621 674 664 Anghiera

852 481 884 647 Scutiferi

821 582 831 663 ,Ι-
823 551 830 575 2«

207 1418 281 1449 233.
306 1435 346 1438 -
371 1414 655 1446 Incumbentibus
678 1417 851 1459 colligatis
867 1417 962 1448 circa

118 1472 265 1516 negocia
287 1469 434 1506 unionis,
458 1477 525 1510 que
549 1468 632 1499 satis
663 1476 761 1502 erant
793 1470 901 1501 ardua
929 1477 962 1502 et

117 1526 248 1559 licteris
261 1523 361 1555 nimis
373 1522 487 1564 longa,
501 1532 563 1563 pro
577 1523 748 1564 aliquibus
761 1524 963 1555 ordinandis

120 1580 278 1613 dominus
294 1579 430 1619 legatus
447 1575 657 1617 colloquium
675 1578 833 1608 Ferrarie
846 1577 963 1609 statuit

120 1631 302 1668 celebrari,
325 1630 380 1661 cui
405 1630 478 1671 ipse
501 1630 732 1670 personaliter
748 1632 895 1667 adesset,
913 1641 965 1661 re-

119 1686 245 1728 quisito
270 1684 409 1716 domino
434 1683 624 1714 Francisco
643 1684 684 1714 de
709 1683 871 1715 Carraria
888 1695 966 1725 pre-

120 1740 291 1780 cipueque
314 1737 454 1779 preside
478 1736 628 1774 Verone,
652 1744 688 1768 ut
705 1738 778 1768 eius
801 1738 965 1775 intencio,
998 1728 1000 1732 ’

121 1803 186 1835 que
209 1792 253 1823 ab
276 1790 413 1822 unionis
445 1790 585 1821 vinculo
617 1789 799 1822 videbatur
830 1791 967 1822 absces-

119 1847 212 1883 sisse,
229 1845 352 1876 melius
369 1850 485 1886 posset
500 1844 592 1874 sciri.
625 1843 706 1881 Qui,
723 1844 836 1876 uxoris
849 1844 967 1876 tradu-

121 1900 233 1932 cende
247 1898 476 1930 excusacione
494 1904 639 1939 sumpta,
658 1908 725 1929 non
742 1898 846 1936 venit,
865 1908 968 1929 excu-

120 1952 271 1990 sacione,
296 1952 387 1990 dico,
402 1963 470 1983 non
489 1951 651 1994 legitima,
669 1953 747 1993 quia
763 1953 864 1994 longe
890 1957 966 1993 post

120 2007 164 2038 de
189 2006 283 2038 horis
307 2006 416 2048 apulis
440 2006 535 2037 duxit
551 2016 704 2037 uxorem.
743 2004 804 2036 Set
821 2005 872 2036 sui
890 2005 966 2036 loco

122 2059 316 2091 Ferrariam
330 2059 422 2090 misit
438 2060 608 2100 quendam
623 2070 718 2090 suum
732 2058 967 2090 consiliarium

121 2112 295 2144 dominum
315 2112 537 2144 Franciscum
557 2112 780 2154 Bivssaqwm,
797 2112 880 2153 qu[i]
899 2111 970 2142 col-

121 2165 313 2208 loquiorum
337 2165 420 2196 nulli
437 2165 503 2196 fuit
526 2165 757 2201 introductus,
774 2165 910 2206 fuitque
927 2164 969 2195 de

122 2218 264 2250 utilibus
287 2218 402 2250 multis
425 2218 460 2248 in
483 2218 564 2259 ipsis
587 2217 768 2260 colloquiis
785 2218 968 2259 provisum.

125 2271 261 2309 Quibus
285 2271 442 2302 omnibus
467 2270 624 2302 dominus
641 2271 795 2302 marchio
814 2277 970 2312 sumptus

124 2325 210 2356 fecit
238 2323 464 2355 abundanter.

214 2538 287 2568 234.
307 2554 346 2558 —
364 2536 450 2568 Cum
475 2535 633 2567 Ferrarie
650 2535 887 2567 celebraretur
904 2536 974 2567 col-

126 2590 291 2632 loquium,
315 2588 455 2623 Veneti,
479 2589 537 2630 qui
560 2595 705 2630 propter
729 2594 807 2620 acta
824 2599 888 2630 per
905 2600 975 2620 ma-

127 2643 289 2686 gnificum
315 2642 488 2674 dominum
513 2642 735 2674 Franciscum
754 2642 797 2673 de
814 2642 974 2674 Carraria

128 2697 163 2727 in
181 2696 234 2728 sui
247 2696 401 2733 tutelam,
418 2701 572 2736 tempore
588 2694 756 2726 adventus
774 2696 866 2737 regis
878 2695 974 2726 Hun-

129 2749 236 2792 garie,
261 2748 388 2780 deinde
413 2758 550 2788 semper
573 2754 775 2779 exarserant
807 2748 841 2778 in
864 2749 975 2788 ipsum

129 2802 351 2845 magnificum
366 2801 552 2838 dominum,
570 2800 684 2832 eidem
699 2800 852 2832 Paduam
870 2811 975 2842 quan-

130 2857 210 2887 dam
234 2855 389 2886 lieteram
414 2853 589 2894 miserunt,
607 2864 708 2895 quam
729 2854 814 2894 ipse,
832 2854 875 2884 de
893 2853 977 2884 Fer-

131 2909 220 2939 raria
248 2908 399 2943 rediens,
431 2906 622 2945 adinvenit,
646 2916 750 2947 super
774 2906 874 2938 motis
902 2918 978 2937 ver-

131 2962 182 2994 bis
207 2961 391 2992 confinium
408 2959 527 2991 Sancti
553 2959 654 2996 narii,
668 2960 815 2990 nitentes
832 2969 976 2990 comune

133 3015 252 3046 Padue
279 3026 298 3045 a
322 3014 538 3055 possessione
564 3023 754 3049 removere,
778 3014 813 3044 in
838 3024 904 3055 qua
922 3023 979 3044 co-

1029 883 1065 912 10

1029 1152 1063 1183 15

1033 2004 1075 2035 30

1442 385 1577 416 REDAz.
1603 384 1639 416 D

1207 457 1270 489 Dei
1295 457 1373 488 altri
1396 456 1493 497 prexi
1517 455 1587 496 poi,
1602 456 1664 486 che
1690 466 1798 486 venne
1818 455 1851 486 111
1868 461 1959 487 sorte

1121 512 1211 543 della
1228 511 1357 543 Ghiesa
1372 516 1406 542 et
1423 510 1478 541 dei
1496 509 1573 540 altri
1591 508 1720 550 signori
1737 508 1768 539 io
1786 509 1829 538 ho
1848 509 1961 539 11100111

1120 567 1155 597 111
1168 571 1250 597 nota
1262 565 1271 594 i
1285 564 1377 595 nomi
1392 564 1435 594 de
1450 561 1556 604 quilli,
1576 562 1640 593 che
1654 563 1698 592 ho
1713 561 1810 592 trovit
1823 561 1959 602 scripti:

1208 617 1338 649 Mesier
1350 616 1544 648 Ambruoso
1556 615 1702 645 Viscon-
1742 616 1744 624 ‘

1122 678 1166 709 te,
1182 671 1259 702 fiolo
1272 669 1408 702 natural
1423 670 1466 700 de
1481 667 1605 699 mesier
1619 667 1703 698 Ber-

1122 725 1222 757 nab'o.

1208 777 1391 818 Lodovigo
1417 775 1509 807 dalla
1533 774 1659 806 Rocha

1209 830 1356 862 Giberto
1382 830 1418 860 di
1442 829 1494 860 Pii

1209 881 1391 914 Sinibaldo
1416 881 1472 912 dei
1492 879 1658 912 Ordelaffi

1209 935 1366 968 Goielmo
1404 933 1439 965 di
1478 932 1702 964 Cavalchabo

1208 990 1289 1020 item
1320 999 1366 1019 un
1398 988 1487 1018 altro
1519 985 1702 1017 chiamado

1121 1054 1184 1086 per
1207 1042 1306 1074 simel
1336 1052 1437 1073 nome

1209 1095 1353 1139 Cuanne
1377 1095 1519 1136 Poneon

1209 1147 1422 1180 Anthoniolo
1439 1148 1484 1178 da
1499 1145 1569 1178 San
1583 1146 1698 1178 Vitale

1209 1203 1388 1234 Bertrame
1413 1200 1449 1232 di
1472 1200 1578 1232 Rossi

1210 1255 1368 1288 Goielmo
1408 1255 1463 1286 dei
1502 1254 1698 1297 Aldighieri

1124 1318 1157 1344 et
1182 1310 1360 1342 Anthonio
1385 1309 1427 1341 de
1454 1308 1632 1350 Anghiera

1776 825 1961 857 cliavalieri

1740 1118 1752 1228 )
1798 1199 1919 1230 Seueri

1214 1418 1288 1448 233.
1314 1434 1357 1438 ——-
1374 1415 1584 1457 Veghiando'
1599 1414 1608 1445 i
1627 1413 1791 1455 colligadi
1813 1413 1940 1444 cercha
1957 1413 1967 1442 i

1127 1471 1211 1503 facti
1225 1470 1303 1503 dela
1320 1470 1436 1509 union,
1451 1469 1515 1500 che
1530 1479 1588 1499 era
1605 1466 1688 1498 assa'
1703 1467 1814 1498 stricti
1829 1472 1861 1497 et
1875 1471 1968 1507 trop-

1127 1536 1170 1568 po
1196 1525 1288 1567 longi
1306 1535 1325 1555 a
1343 1525 1397 1554 far
1414 1533 1475 1564 per
1492 1522 1625 1555 lettere.
1651 1520 1775 1551 mesier
1793 1520 1825 1550 lo
1842 1519 1968 1560 legato,

1128 1590 1190 1620 per
1206 1577 1269 1609 dar
1292 1576 1422 1608 ordene
1441 1576 1483 1606 acl
1500 1575 1624 1615 algune
1641 1583 1732 1610 cose,
1749 1572 1850 1603 statui
1868 1572 1933 1602 che
1950 1583 1969 1602 a

1129 1634 1275 1664 Ferrara
1298 1641 1333 1661 se
1358 1629 1501 1661 dovesse
1527 1628 1581 1658 far
1605 1637 1650 1658 un
1679 1626 1904 1667 pax-lamento,
1938 1624 1968 1656 al

1129 1684 1206 1727 qual
1231 1685 1298 1716 ello
1323 1683 1424 1714 volea
1448 1692 1540 1713 esser
1564 1681 1599 1711 in
1624 1689 1783 1721 persona.
1829 1678 1873 1708 A}
1890 1677 1969 1720 qual

1130 1739 1343 1781 parlamento
1367 1736 1434 1767 ello
1460 1735 1505 1765 fe'
1523 1733 1772 1775 specialrnente
1798 1741 1971 1762 convocat

1128 1793 1158 1823 el
1191 1790 1376 1832 magnifico
1399 1789 1517 1831 signor
1543 1787 1668 1817 mesier
1701 1786 1896 1817 Francesco
1928 1785 1971 1815 da

1128 1843 1275 1878 Carrara
1299 1849 1334 1875 et
1357 1842 1381 1872 il
1407 1842 1525 1883 signor
1550 1841 1592 1871 de
1618 1839 1769 1874 Verona,
1787 1837 1918 1878 11000110
1936 1848 1970 1868 se

1128 1907 1264 1929 savesse
1291 1896 1322 1927 la
1346 1906 1406 1926 sua
1429 1895 1619 1930 intencion‚
1642 1892 1770 1934 perche
1805 1891 1836 1922 el
1867 1900 1971 1931 parea

1130 1952 1164 1982 in
1189 1956 1277 1982 tutto
1308 1959 1400 1980 esser
1432 1947 1522 1989 parti
1554 1946 1647 1977 dalla
1679 1945 1757 1986 liga.
1806 1944 1847 1975 El
1879 1943 1971 1985 qual,

1128 2003 1213 2037 tolta
1231 2013 1331 2034 seusa
1349 2001 1440 2032 della
1456 2001 1575 2035 moier,
1593 1999 1657 2029 che
1675 1999 1697 2028 'l
1715 1999 1825 2029 (lovea
1842 2007 1972 2034 menar,

1130 2068 1173 2089 no
1197 2066 1309 2087 venne
1335 2055 1366 2085 al
1392 2054 1486 2085 dicto
1513 2053 1742 2093 parlamento‚
1775 2050 1908 2082 benche
1941 2051 1972 2080 13

1130 2120 1229 2143 seusa
1253 2119 1298 2140 no
1323 2108 1413 2139 fosse
1441 2106 1604 2148 legitima,
1630 2104 1760 2145 perche
1786 2104 1871 2134 assa’
1896 2103 1971 2134 drio

1130 2166 1162 2196 el
1186 2162 1289 2194 meno
1316 2161 1348 2192 la
1371 2161 1480 2191 moier
1498 2160 1540 2190 de
1559 2158 1654 2189 Puta.
1688 2157 1747 2188 Ma
1764 2157 1798 2186 in
1815 2166 1852 2187 so
1869 2155 1972 2197 luogo

1130 2218 1161 2249 el
1180 2216 1309 2248 mando
1326 2225 1371 2245 un
1384 2224 1421 2244 so
1436 2212 1627 2247 conseiero,
1641 2211 1764 2242 mesier
1778 2211 1973 2241 Francesco

1133 2270 1324 2312 Bivilaqua‚
1349 2268 1380 2299 el
1405 2266 1485 2309 qual
1511 2276 1553 2296 no
1579 2265 1615 2295 t'o
1641 2264 1841 2295 introducto
1859 2262 1903 2293 ad
1927 2262 1976 2292 al-

1132 2335 1201 2367 gun
1226 2323 1261 2354 di
1285 2320 1502 2363 parlamenti,
1526 2319 1559 2349 111
1585 2318 1607 2348 11
1637 2317 1729 2359 quali
1757 2317 1792 2347 fo
1824 2315 1975 2357 proveeu

1133 2380 1176 2411 de
1202 2377 1306 2408 molte
1323 2375 1413 2407 utele
1431 2384 1522 2405 cose.
1570 2373 1614 2403 Et
1631 2371 1676 2402 fe’
1695 2370 1818 2402 mesier
1835 2370 1867 2401 lo
1886 2380 1974 2400 maru

1099 2428 1101 2453 l
1135 2433 1236 2465 chese
1262 2432 1292 2461 le
1318 2440 1418 2471 spese
1444 2440 1462 2460 3
1485 2428 1563 2460 tutti
1587 2425 1909 2459 abondevolmente.

1222 2529 1297 2560 234.
1322 2549 1361 2552 —
1388 2527 1426 2556 In
1451 2531 1571 2567 questo
1589 2524 1653 2555 che
1673 2523 1693 2553 'l
1711 2522 1923 2564 ραι-1311101110
1941 2531 1976 2551 50

1136 2584 1232 2615 13503
1257 2592 1276 2613 a
1300 2582 1456 2616 Ferrara,
1482 2577 1578 2620 quilli
1597 2577 1640 2608 de
1665 2576 1828 2613 Venesia,
1852 2574 1974 2616 iquali

1137 2647 1197 2678 per
1222 2635 1254 2666 le
1279 2644 1369 2669 cose,
1394 2634 1458 2664 0110
1476 2632 1497 2663 '1
1515 2630 1700 2673 magnifico
1719 2630 1837 2669 signor
1854 2627 1978 2658 mesier

1136 2690 1332 2721 Franceseo
1347 2687 1391 2718 da
1408 2685 1554 2716 Carrara
1570 2684 1678 2715 havea
1691 2683 1784 2714 facte
1802 2682 1837 2712 in
1851 2691 1887 2712 so
1901 2680 1978 2711 def-

1137 2745 1211 2775 fesa
1235 2743 1267 2773 al
1285 2748 1400 2782 tempo
1419 2740 1511 2772 della
1527 2738 1678 2780 vignuda
1695 2738 1749 2769 del
1768 2748 1805 2767 re
1823 2737 1866 2767 de
1884 2735 1979 2765 Hon-

1136 2797 1232 2840 garia
1255 2797 1289 2826 in
1308 2794 1485 2829 trivisana,
1502 2801 1638 2833 sempre
1654 2792 1688 2822 lo
1714 2791 1821 2821 haveu
1839 2788 1977 2820 habudo

1103 2835 1105 2844 l
1138 2851 1168 2880 in
1185 2849 1276 2885 odio,
1290 2848 1316 2878 51
1334 2847 1459 2878 maudo
1475 2857 1539 2877 una
1555 2847 1682 2876 lectera
1696 2844 1727 2874 al
1741 2843 1834 2874 dicto
1852 2843 1979 2883 signor,

1104 2904 1105 2915 ¹
1139 2904 1170 2933 la
1196 2902 1285 2943 qual,
1311 2900 1481 2931 tornando
1506 2899 1551 2929 lui
1585 2899 1628 2928 da
1660 2898 1816 2932 Ferrara,
1854 2895 1920 2926 ello
1952 2895 1978 2924 51

1105 2945 1106 2989 }
1139 2956 1238 2987 trovo
1263 2966 1282 2985 a
1306 2953 1410 2989 Pava,
1436 2963 1535 2983 sovra
1560 2952 1591 2982 le
1619 2950 1736 2991 parole
1761 2955 1912 2980 moveste
1945 2948 1979 2978 di

1105 3003 1107 3022 ³
1140 3010 1253 3041 contin
1279 3007 1321 3038 <le
1340 3013 1461 3038 sancto
1481 3005 1608 3041 Illario,
1625 3004 1849 3046 st'oreztndose
1868 3003 1910 3034 de
1928 3012 1981 3032 re-
