2422 3684
101 617 117 646 5

495 219 670 255 GESTA
699 220 1000 255 MAGNIFICA
1028 220 1213 255 DOMUS
1243 218 1629 254 CARRARIENSIS
1932 221 1977 255 25

145 358 370 384 recesserunt.
416 352 468 383 De
499 351 681 384 habicione
713 362 796 383 vero
827 353 933 384 roche
965 352 1129 384 solemnis
1160 352 1278 384 Padue
1310 351 1478 383 festivitas
1509 351 1715 382 celebratur.
1763 351 1805 383 Et
1829 352 1985 392 predicta

145 405 287 436 fuerunt
310 405 345 436 in
367 403 703 441 MCCCXXXVHI,
727 405 782 436 die
807 415 923 437 xxvm
949 405 1157 437 novembris.

235 511 286 542 59.
313 509 412 551 [163]
429 527 472 531 —
488 509 680 550 [D]ominus
704 510 874 542 Mastiuus
892 510 969 542 dela
986 509 1111 542 Scala¹
1129 510 1300 542 tractabat
1318 509 1520 550 prodicioue
1546 509 1815 551 Montagnanam
1840 508 1984 545 habere3

145 569 197 594 set
221 569 318 595 autor
341 569 509 594 tractatus
534 569 636 594 cunta
661 564 802 594 domino
827 563 999 595 Ubertino
1024 563 1210 594 revelabat.
1257 564 1310 595 Ex
1335 573 1402 604 quo
1427 564 1470 594 de
1495 563 1650 593 exercitu
1676 563 1752 604 lige,
1779 562 1836 604 qui
1864 568 1986 593 contra

142 616 332 648 Baxianum
357 623 441 653 erat,
465 617 647 658 quingenti
672 617 880 647 Theotonici
907 619 1150 658 equitaverunt
1174 617 1219 647 ad
1244 616 1315 653 Est,
1340 617 1476 647 demum
1500 626 1563 657 per
1587 626 1723 656 passum
1757 616 1861 646 turris
1892 622 1983 646 tran—

143 676 282 701 seuntes
306 680 342 700 se
365 670 400 700 in
417 670 552 701 insidiis
575 676 774 711 posuerunt.
822 669 984 701 Marchio
1008 681 1090 702 vero
1116 671 1259 711 Spineta
1276 676 1308 702 et
1325 670 1485 701 dominus
1502 669 1617 701 Guido
1635 669 1757 700 Ricius
1774 680 1850 700 cum
1868 669 1986 699 Theo-

143 723 268 755 tonicis
297 723 340 754 de
373 722 524 760 Verona,
555 724 740 754 credentes
771 729 900 754 terram
933 722 1074 761 habere,
1097 723 1371 763 Montaguanam
1404 723 1652 765 equitaverunt,
1677 727 1738 759 set,
1766 723 1859 753 facto
1887 722 1985 763 signo

144 781 272 807 statuto
295 775 332 806 in
355 775 546 806 summitate
571 775 674 807 turris
697 775 945 817 Moutaguane,
970 782 1089 817 gentes
1114 776 1326 807 Venetorum
1351 782 1385 807 et
1408 775 1537 807 domini
1561 774 1721 807 Ubertini
1747 783 1825 805 mox
1849 774 1985 805 Monta-

141 839 290 872 guanam
314 829 537 866 conveniunt,
563 829 714 860 inimicis
738 836 936 860 occurrunt.
984 829 1045 861 Sic
1070 830 1239 871 utrimque
1263 841 1300 861 se
1324 830 1478 871 dirigunt
1503 830 1546 860 ad
1571 839 1734 871 pugnam.
1780 828 1843 860 Set
1866 829 1986 860 confe-

81 881 120 912 10
143 881 218 913 stim
245 892 332 924 gens
356 881 494 913 Verone
519 881 724 912 succumbit.
770 882 928 913 Marchio
954 883 1099 923 Spineta
1125 883 1240 925 fugam
1267 883 1402 922 arripit,
1426 893 1544 914 omnes
1568 883 1612 913 de
1638 882 1767 913 Foiano
1792 882 1984 922 capiuntur,

82 1147 118 1178 15

73 1519 115 1549 20

77 1784 117 1815 25

76 2104 117 2135 30

77 2419 117 2451 35

142 944 220 966 cum
245 934 367 976 quibus
394 944 442 965 xx
466 934 679 966 Theotonici
703 934 888 966 banderari
913 940 946 965 et
969 935 1027 965 alii
1053 935 1187 976 equites
1212 935 1365 966 ducenti.
1412 935 1456 966 Et
1480 934 1544 966 fuit
1568 935 1634 966 hoc
1659 933 1983 966 MCCCXXXVIII

144 987 201 1018 die
226 987 416 1028 penultimo
439 986 655 1028 septembris.
699 987 909 1018 Relasautui·
933 988 1140 1019 Theotonici
1165 988 1390 1029 promissione
1407 989 1487 1019 data
1503 988 1687 1024 redeundi,
1704 987 1806 1018 armis
1823 994 1937 1018 tamen
1952 993 1985 1018 et

143 1040 239 1082 equis
263 1041 359 1082 prius
382 1040 531 1082 spoliati.
578 1040 744 1072 Dominus
769 1039 931 1072 Gibertus
956 1041 998 1071 de
1026 1041 1168 1078 Foiano‚
1194 1052 1213 1072 a
1244 1041 1371 1072 milicia
1401 1042 1617 1082 interceptus
1646 1040 1776 1071 domini
1809 1039 1983 1077 Ubertini‚

142 1094 255 1124 eidem
279 1099 507 1134 presentatur,
534 1093 589 1125 cui
611 1093 646 1124 in
671 1094 808 1134 palacio
834 1094 989 1124 comunis
1014 1094 1144 1131 Padue,
1170 1095 1226 1125 ubi
1252 1100 1329 1125 suut
1353 1095 1481 1134 publici
1509 1103 1680 1131 carceres,
1697 1094 1855 1125 dominus
1870 1092 1985 1124 Uber-

142 1147 232 1178 tinus
255 1146 328 1177 fieri
351 1147 447 1178 iussit
471 1157 613 1178 caveam
637 1146 787 1189 ligneam
812 1146 846 1177 in
871 1147 1077 1178 hodiernum
1103 1147 1194 1178 diem
1219 1148 1383 1178 Foianam
1409 1147 1628 1188 appellatam.
1677 1147 1716 1177 In
1739 1147 1804 1177 hac
1829 1146 1987 1178 dominus

137 1199 340 1231 Gibertiuus
365 1205 575 1231 carceratur.
622 1199 738 1231 Ceteri
763 1200 806 1231 de
831 1199 964 1230 Foiano
989 1199 1156 1231 Veneciis
1180 1200 1310 1240 captivi
1336 1200 1588 1231 conducuntur.

231 1306 283 1337 60.
308 1306 408 1347 [164].
436 1324 474 1327 —
499 1305 731 1348 [M]agnif1cus
766 1305 927 1337 dominus
959 1305 1158 1342 Ubertinus,
1189 1306 1306 1337 volens
1337 1305 1566 1337 Vincentinos
1598 1306 1737 1346 penitus
1768 1305 1946 1336 includere
1960 1304 1982 1341 ²,

141 1359 272 1391 habere
296 1358 459 1391 tractavit
484 1359 604 1390 turrim
629 1359 744 1400 pontis
768 1358 812 1390 de
837 1359 1060 1397 Quartasffio,
1086 1370 1186 1401 quam
1212 1359 1413 1390 custodibus
1438 1359 1551 1400 captis
1573 1369 1633 1390 sue
1658 1359 1808 1390 subiecit
1839 1359 1984 1395 dicioni,

141 1412 262 1444 eodem
287 1411 478 1449 millesimo,
502 1412 560 1443 die
584 1421 665 1443 xnit
690 1412 816 1443 mensis
840 1412 1003 1444 octubris.

229 1518 280 1550 61.
306 1517 407 1559 [165].
433 1537 474 1542 —-
499 1517 659 1559 [E]odem
686 1518 879 1555 millesimo,
904 1518 1055 1550 auxilio³
1082 1518 1296 1560 quorundam
1322 1519 1488 1550 nobilium
1514 1520 1556 1550 de
1582 1518 1777 1550 Vincencia
1801 1518 1984 1550 rebellium

140 1571 359 1603 dominorum
384 1571 464 1603 dela
488 1571 591 1602 Scala
615 1572 818 1613 magnificus
844 1572 1003 1603 dominus
1034 1571 1226 1603 Ubertinus
1257 1573 1375 1603 habuit
1406 1571 1569 1603 suburbia
1597 1572 1747 1603 civitatis
1779 1572 1984 1609 Vinceucie,

142 1625 276 1656 scilicet
301 1625 447 1667 burgum
472 1624 642 1662 Pusterle,
668 1624 770 1656 Poste
803 1635 891 1656 nove
925 1631 958 1656 et
988 1626 1099 1656 sancti
1130 1626 1224 1657 Fisii.
1271 1626 1322 1656 Ex
1353 1636 1421 1666 quo
1453 1625 1577 1656 inclusi
1610 1625 1812 1656 Vincentiui
1842 1625 1984 1656 multum

144 1677 434 1714 lamentabantur,
459 1688 524 1709 nec
550 1684 686 1718 poterat
707 1678 788 1717 ipsis
814 1678 970 1708 dominus
995 1678 1163 1709 Mastinus
1187 1678 1347 1709 habiliter
1371 1679 1541 1713 suvenire.
1575 1678 1737 1719 quoniam
1766 1685 1911 1709 castrum
1940 1679 1983 1709 de

141 1730 316 1762 Brendole
333 1736 366 1760 et
385 1729 615 1761 Monticulum
637 1730 890 1761 rebellaverant
914 1730 1061 1761 dominis
1079 1731 1157 1762 dela
1176 1731 1279 1762 Scala
1297 1738 1329 1762 et
1347 1741 1382 1761 se
1400 1731 1622 1762 subiecerant
1639 1731 1822 1773 magnifico
1841 1731 1979 1762 domino

143 1783 311 1816 Ubertino
337 1789 371 1815 et
396 1784 474 1826 lige.
522 1784 567 1815 Et
590 1783 751 1824 predicta
778 1784 874 1815 fuere
898 1783 1233 1821 MCCCXXXVHI,
1257 1783 1313 1815 die
1340 1793 1446 1815 xvr111
1471 1784 1634 1815 octubris.

231 1891 283 1921 62.
308 1890 409 1931 [166].
434 1907 474 1912 —-
500 1890 660 1932 [E]odem
685 1890 877 1927 millesimo,
902 1891 945 1921 de
970 1900 1084 1921 mense
1109 1890 1271 1927 octubris,
1298 1901 1358 1931 pro
1383 1901 1468 1931 pace
1493 1889 1697 1922 tractanda⁴
1722 1890 1887 1922 veneciis
1903 1901 1985 1922 con-

141 1949 311 1975 venerunt
334 1953 451 1974 coram
477 1943 617 1975 domino
643 1944 732 1975 duce
757 1950 791 1974 et
815 1953 876 1974 suo
901 1943 1047 1974 consilio
1072 1943 1231 1974 dominus
1255 1943 1436 1974 Rolandus
1460 1943 1504 1975 de
1528 1943 1673 1981 Rubeis,
1690 1944 1825 1975 Levore
1851 1945 1984 1975 theoto—

141 1997 240 2028 nicus
263 1997 307 2027 de
332 1995 502 2035 Karintia,
526 1997 633 2038 legati
657 1997 787 2027 domini
813 1996 974 2028 Ubertini
1000 2003 1034 2027 et
1059 1997 1212 2028 comunis
1236 1996 1430 2034 Florencie,
1455 2006 1499 2027 ex
1532 2004 1629 2037 parte
1662 2007 1743 2027 vero
1769 1997 1986 2028 dominorum

142 2051 221 2082 dela
244 2049 347 2081 Scala
371 2050 525 2081 marchio
551 2050 705 2091 Spineta,
731 2050 826 2092 Acco
851 2052 894 2081 de
920 2049 1077 2091 Corrigia
1102 2056 1135 2081 et
1160 2050 1216 2080 alii
1241 2050 1291 2080 sui
1318 2051 1436 2091 legati:
1458 2050 1548 2081 inter
1565 2061 1648 2091 quos
1666 2050 1746 2080 hinc
1764 2051 1844 2081 inde
1868 2051 1983 2081 multis

140 2102 294 2146 agitatis,
318 2109 397 2145 post
420 2103 516 2134 varia
538 2104 755 2144 parlamenta
780 2104 918 2135 tandem
943 2103 1008 2134 fuit
1034 2103 1139 2134 certis
1165 2103 1306 2145 legibm,
1332 2103 1626 2135 convencionibus
1651 2109 1685 2134 et
1711 2104 1822 2144 pactis
1839 2114 1984 2136 concor-

142 2156 233 2188 diter
257 2157 300 2188 de
318 2166 405 2197 pace
423 2157 634 2188 conclusum.
670 2156 784 2193 Quam
803 2167 924 2197 pacem
943 2162 1058 2197 partes
1080 2167 1218 2187 servare
1243 2157 1440 2187 iuraverunt
1455 2156 1465 2171 ⁵
1491 2157 1667 2197 ipsamque
1685 2157 1843 2188 dominus
1861 2157 1932 2188 dux
1950 2165 1984 2188 et

143 2219 290 2240 comune
315 2209 559 2246 Veneciarum,
589 2210 651 2240 Dei
678 2210 839 2241 invocato
866 2210 1015 2245 nomine,
1039 2209 1074 2240 in
1098 2209 1447 2247 MCCCXXXVIIII,
1474 2210 1529 2240 (lie
1555 2219 1661 2240 xxmi
1686 2209 1844 2245 ianuarii,
1869 2210 1903 2240 in
1926 2222 1983 2242 ec-

144 2262 248 2293 clesia
274 2262 383 2294 sancti
411 2263 521 2293 Marci
546 2263 730 2294 voluerunt
754 2273 840 2293 voce
866 2263 1034 2303 preconia
1057 2262 1217 2303 primitus
1241 2262 1459 2303 proclamari.

231 2368 282 2400 63.
307 2367 408 2409 [1671.
432 2386 476 2390 —
499 2368 695 2411 [EJgregius
719 2368 816 2400 miles
840 2368 998 2399 dominus
1022 2368 1105 2399 Tiso
1120 2371 1131 2387 ⁶
1156 2368 1199 2398 de
1225 2367 1356 2408 Campo
1381 2367 1477 2399 Santi
1502 2367 1598 2399 Petri
1616 2369 1790 2410 egregiam
1809 2369 1982 2400 dominam

142 2421 304 2462 Conicam
328 2420 372 2452 de
396 2421 567 2458 Carraria,
598 2432 751 2452 sororem
785 2421 957 2463 magnifici
989 2420 1119 2452 domini
1144 2421 1289 2451 Marsilii
1320 2421 1472 2462 grandis,
1504 2421 1601 2452 duxit
1630 2432 1784 2452 uxorem.
1832 2422 1885 2452 De
1916 2432 1982 2463 qua

142 2473 282 2505 domina
306 2473 437 2516 Conica
460 2475 579 2516 genuit
601 2475 765 2506 Tisonem
790 2475 976 2505 novellum.
1024 2473 1183 2505 Habebat
1206 2474 1316 2504 eciam
1342 2473 1519 2513 predictus
1544 2474 1706 2504 dominus
1729 2474 1813 2505 Tiso
1839 2474 1983 2505 Guiliel-

143 2537 245 2564 mum,
270 2533 431 2568 nepotem
456 2537 499 2558 ex
526 2527 595 2558 filio
619 2528 687 2558 iam
713 2533 920 2568 premortuo,
946 2533 1026 2558 nato
1051 2537 1094 2558 ex
1114 2526 1220 2557 nobili
1247 2527 1386 2557 domina
1410 2527 1454 2557 de
1479 2526 1633 2558 Camino.
1681 2527 1763 2559 Post
1786 2538 1869 2558 vero
1894 2538 1982 2559 mor-

141 2585 212 2611 tem
237 2579 364 2611 domini
389 2580 530 2611 Tisonis
553 2580 637 2611 Tiso
662 2580 828 2612 Novellus
852 2581 911 2611 diu
935 2580 1133 2621 supervixit,
1149 2585 1200 2611 set
1216 2579 1356 2611 tandem
1378 2580 1573 2621 egritudine
1591 2580 1771 2621 prevalida
1790 2587 1981 2622 correptus,

236 2703 256 2720 1.
276 2696 461 2720 habitacione
481 2698 516 2720 ill
533 2710 541 2714 -
562 2696 643 2728 vero]
662 2699 754 2721 autem
775 2698 796 2721 5
817 2711 846 2714 -
868 2705 891 2727 3.
912 2697 1029 2720 Interim
1050 2697 1182 2720 dominus
1203 2698 1225 2720 S
1243 2709 1274 2712 Α
1294 2704 1319 2725 4.
1339 2695 1435 2726 reveL]
1455 2696 1623 2727 propalabat:
1638 2698 1700 2720 S—
1718 2703 1741 2727 7.
1757 2697 1980 2728 Montagnannm

146 2739 249 2762 terram
267 2739 368 2763 habere
387 2739 532 2763 credentes
553 2740 574 2763 S
593 2753 624 2757 —
648 2747 685 2763 10.
707 2740 740 2762 de
763 2739 874 2762 Verona
893 2740 916 2764 S
935 2754 965 2756 —
988 2746 1028 2763 12.
1048 2740 1111 2763 data
1140 2739 1192 2762 sibi
1220 2739 1273 2761 fide
1299 2739 1318 2762 5
1343 2752 1375 2755 —
1404 2738 1442 2761 18.
1470 2746 1535 2762 mox
1562 2739 1682 2762 subiecit
1707 2739 1729 2764 S
1754 2754 1784 2756 —
1813 2746 1854 2770 2⁴3.
1880 2741 1980 2770 quibus

147 2781 280 2804 dominus
300 2781 442 2804 MastInus
462 2788 512 2804 nec
531 2782 668 2805 habiliter
687 2783 800 2812 poterat
819 2783 950 2805 suvenire
970 2782 1035 2805 8-
1051 2788 1093 2813 37.
1113 2782 1228 2804 <lomina
1248 2779 1291 2794 ***
1312 2780 1334 2804 S
1347 2793 1379 2796 —
1394 2779 1436 2811 38.
1455 2781 1573 2804 'risonis
1593 2782 1683 2812 patris
1702 2781 1745 2803 S·
1760 2781 1828 2805 Tiso
1844 2782 1980 2806 Novellus

147 2822 223 2846 filius
244 2823 266 2847 S

232 2909 241 2926 1
262 2910 399 2940 CORTUS„
421 2911 561 2939 Chronica,
581 2911 643 2939 VII,
666 2917 705 2940 15.
1177 2909 1187 2924 ⁴
1207 2910 1344 2939 Comus,
1366 2910 1503 2940 Chronica,
1524 2911 1585 2939 VII,
1607 2910 1647 2934 18.

232 2950 242 2967 ²
263 2952 399 2983 Com-ns„
421 2954 558 2979 Chronica,
578 2952 637 2981 VH,
661 2953 700 2978 16.
1177 2951 1186 2965 ⁵¹
1207 2953 1343 2980 con-rus,
1366 2952 1505 2981 Chronica,
1530 2952 1589 2980 VII,
1612 2952 1650 2976 18.

233 2992 244 3009 ³
264 2995 400 3024 Comus„
423 2995 560 3026 Chronica,
580 2994 640 3025 VII,
662 2995 701 3019 16.
1180 2993 1189 3007 ⁶
1210 2993 1346 3022 CORTUS„
1368 2995 1508 3023 Chronica,
1528 2994 1601 3023 VIII,
1623 3001 1643 3018 1.

2010 3004 2040 3020 10
