2422 3684
397 238 440 277 78
769 236 954 284 GESTA*
970 234 1272 273 MAGNIFICA
1303 235 1488 272 DOMUS
1518 236 1902 273 CARRARIENSIS

769 370 908 402 REDAZ.
940 371 970 400 A

385 440 543 472 dominus
580 441 725 472 Patarus
763 451 841 472 cum
879 440 1039 483 gentibus
1077 439 1231 471 Paduam

380 495 486 535 ipsius
510 495 641 526 domini
659 495 835 526 Francisci
854 495 1055 526 intencione
1074 493 1232 535 regredi-

382 553 437 579 tur
458 547 603 585 infecta,
620 549 675 579 cui
691 553 805 579 tamen
823 548 937 579 animo
955 547 1078 577 fuisset
1095 546 1231 577 foveam

382 602 492 644 ipsam
516 602 637 633 iterum
663 612 881 643 oppugnare,
902 611 967 632 nec
990 600 1055 631 nisi
1079 600 1113 631 vi
1131 606 1232 640 capta

384 655 427 686 ab
443 656 524 687 inde
542 655 734 687 discedere.
770 653 831 686 Set
847 664 985 695 sparsus
1002 665 1118 685 rumor
1134 653 1230 684 Hun-

385 718 504 739 norum
536 718 653 750 regem
686 709 730 738 ad
754 707 850 739 Italie
879 713 992 748 partes
1016 705 1231 746 adventa[re]

385 761 526 803 eiusque
538 767 676 804 gentem
692 761 761 792 iam
787 760 940 791 Foriiuiii
965 759 1230 801 quadrupedare

384 815 493 845 solum
511 820 752 855 pugnaturum,
769 824 829 844 suo
847 824 866 844 a
882 813 1061 854 proposito
1079 811 1230 842 dimovit.

385 867 438 899 Ex
472 867 537 898 hoc
573 867 689 898 hostes
723 867 873 898 maiores
911 866 1055 907 capiunt
1089 866 1231 905 animos,

385 921 478 952 circa
502 921 670 962 Levigum
694 930 772 951 mox
797 925 910 950 castra
934 924 1078 960 ponunt,
1098 919 1153 949 die
1171 928 1231 948 no-

385 979 511 1015 ctuque
546 973 657 1004 locum
695 979 906 1015 oppugnant.
953 972 1082 1004 Gentes
1117 978 1229 1002 autem

382 1026 493 1067 ipsius
525 1027 653 1057 domini
686 1026 864 1058 Francisci
897 1025 986 1056 intra
1013 1025 1126 1055 menia
1150 1035 1230 1056 con-

384 1079 477 1111 cluse
503 1080 547 1110 ad
570 1079 639 1110 loci
665 1078 855 1110 custodiam
884 1078 1014 1110 viribus
1045 1078 1124 1109 totis
1148 1078 1230 1108 insi-

384 1139 488 1171 stunt,
505 1133 627 1164 crebro
647 1139 795 1164 castrum
813 1138 941 1163 exeunt
954 1141 1138 1173 manusque
1152 1142 1229 1162 cum

383 1186 538 1217 hostibus
562 1186 759 1223 conferunt,
783 1196 870 1228 quos
887 1185 1043 1227 quotidie
1061 1185 1231 1226 impetunt

384 1239 567 1271 missilibus
590 1245 623 1271 et
646 1239 800 1281 sagictis.

473 1293 668 1324 Extrinseci
694 1303 775 1324 vero
800 1293 987 1335 vigilanter
1017 1293 1155 1329 instant,
1187 1301 1240 1322 ne·

384 1346 542 1378 hostibus
568 1345 730 1377 victualia
760 1355 823 1387 per
853 1346 995 1377 insidias
1025 1345 1229 1376 afferantur.

383 1398 441 1431 Sic
466 1400 635 1441 utrimque
653 1399 696 1430 ab
717 1399 825 1430 altero
843 1400 887 1431 ad
906 1399 1067 1429 damnum
1084 1399 1230 1429 instatur

385 1453 534 1483 alterius.
583 1451 653 1483 Sed
678 1462 754 1483 cum
780 1452 916 1483 interim
944 1458 1065 1482 neutra
1083 1451 1229 1491 partium

385 1512 537 1547 optatum
577 1505 760 1547 quicquam
800 1505 1006 1536 obtinuisset
1042 1504 1085 1535 ab
1120 1505 1229 1541 hoste,

382 1559 607 1601 providerunt
646 1558 831 1590 extrinseci
869 1568 993 1600 aquam
1033 1558 1230 1589 intrinsecis

382 1613 545 1653 arripere,
562 1611 598 1642 in
616 1612 751 1653 hocque
769 1617 951 1642 estremum
968 1612 1039 1643 voti
1056 1611 1107 1642 sui
1133 1622 1228 1652 spem

383 1667 536 1709 dirigunt
561 1672 594 1696 et
617 1666 782 1698 laborem.

480 3001 566 3027 13-14.
586 2993 713 3018 conclusi
740 2994 775 3017 M

1319 597 1336 627 5

1298 861 1335 890 10

1297 1125 1333 1156 15

1294 1391 1334 1421 20

1291 1658 1331 1689 25

1289 1925 1331 1955 30

1287 2188 1328 2219 35

1289 2454 1330 2485 40

1289 2718 1329 2748 45

1712 369 1853 402 RnnAz.
1878 369 1915 401 D

1390 449 1484 469 esser
1499 439 1691 472 stanchado
1708 440 1851 472 havesse
1869 440 2088 472 cavalchado
2104 440 2230 484 inanci,

1390 492 1458 522 ello
1484 492 1658 524 haverave
1689 494 1833 525 trovado
1867 493 1898 525 la
1928 494 2021 525 fossa
2045 503 2114 525 non
2139 504 2232 525 esser

1390 545 1577 586 guardada.
1620 546 1679 576 Ma
1702 556 1765 587 per
1789 547 1821 578 1ο
1845 557 1950 588 posar
1965 557 2002 578 so
2020 557 2039 577 a
2055 546 2231 578 Primolan

1392 604 1425 628 et
1441 598 1563 629 siando
1581 599 1591 629 i
1607 599 1727 630 nemisi
1738 600 1868 632 avisadi
1884 599 1976 632 della
1991 610 2051 631 soa
2067 599 2230 642 vignuda,

1390 650 1502 682 subito
1528 651 1537 681 i
1562 662 1681 683 arcore
1707 653 1831 685 alturio
1857 654 1900 684 da
1925 653 2006 695 ogni
2030 658 2140 693 parte,
2164 662 2230 683 con

1389 703 1398 734 i
1415 703 1509 745 quali
1526 703 1582 735 elli
1599 714 1636 736 se
1653 711 1763 736 mecte
1780 717 1799 737 a
1817 707 2010 738 contrariar
2026 706 2091 737 che
2105 705 2230 736 mesier

1391 756 1540 788 Patharo
1558 767 1624 788 con
1648 757 1658 788 i
1680 768 1718 790 so
1734 769 1778 790 no
1795 769 1897 800 possa
1914 769 2063 800 passare.
2096 758 2154 795 Or,
2178 758 2229 789 vi-

1391 809 1508 852 gnudo
1525 810 1557 841 el
1576 809 1621 847 di,
1638 811 1761 843 mesier
1778 811 1927 843 Patharo
1944 812 2142 843 sovradicto
2163 821 2230 842 con

1389 869 1477 894 tutte
1502 863 1533 894 le
1558 870 1660 905 gente
1677 870 1712 896 et
1728 871 1882 908 comente
1899 866 2113 896 cavalchano
2130 874 2229 896 verso

1390 917 1421 946 la
1446 916 1551 954 fossa,
1574 917 1608 947 la
1633 917 1712 958 qual
1736 917 1881 950 trovada
1906 920 1972 950 ben
1988 918 2168 960 guardada
2184 917 2229 949 da

1389 969 1582 1000 halestrieri
1606 976 1641 1001 et
1663 970 1794 1002 homini
1811 970 1952 1009 d’arme,
1969 970 2080 1002 subito
2097 970 2129 1002 el
2146 980 2229 1002 con-

1392 1023 1481 1054 torto
1506 1023 1540 1054 la
1555 1028 1658 1065 gente
1675 1033 1734 1054 soa
1749 1023 1815 1055 alla
1833 1023 1958 1056 bataia.
1997 1023 2057 1055 Ma
2072 1023 2099 1054 si
2116 1033 2181 1065 per
2196 1023 2229 1054 la

1389 1076 1553 1119 largheca
1577 1076 1668 1107 della
1685 1076 1788 1114 fossa,
1805 1078 1831 1109 si
1848 1088 1911 1119 per
1927 1079 1960 1109 lo
1978 1078 2081 1119 luogo
2104 1077 2225 1119 grieve

1389 1141 1408 1160 a
1433 1140 1561 1170 passar,
1587 1129 1614 1160 si
1639 1140 1700 1170 per
1723 1129 1755 1161 Ia
1778 1130 1868 1162 forte
1886 1131 2024 1162 deffesa
2041 1130 2077 1162 di
2094 1130 2227 1171 nemisi‚

1387 1182 1507 1213 siando
1533 1182 1571 1225 ‚cil
1597 1182 1693 1213 multi
1710 1182 1743 1214 di
1759 1193 1797 1215 so
1814 1183 1935 1215 ferridi
1953 1183 2011 1214 dai
2035 1183 2228 1215 balestrieri

1388 1235 1479 1266 della
1503 1241 1601 1276 parte
1627 1236 1812 1273 contraria,
1836 1236 1902 1267 ello
1928 1235 1973 1266 fe’
1991 1242 2103 1267 retrar
2118 1237 2152 1267 la
2167 1245 2228 1267 soa

1388 1295 1491 1330 gente
1508 1288 1542 1319 in
1560 1289 1645 1320 drio.
1675 1289 1717 1319 Et
1735 1288 1806 1320 cosi
1821 1299 1857 1320 se
1874 1289 1962 1330 parti
1976 1289 2034 1321 dal
2047 1289 2227 1321 combater

1390 1341 1480 1373 della
1511 1341 1606 1373 dicta
1637 1342 1728 1374 fossa
1760 1342 1792 1373 la
1820 1348 1925 1385 gente
1956 1342 2013 1374 del
2044 1341 2227 1384 magnifico

1387 1395 1503 1436 signor
1527 1395 1642 1426 misier
1667 1396 1864 1427 Francesco
1889 1396 1934 1427 da
1958 1395 2116 1432 Carrara,
2134 1395 2227 1426 della

1390 1448 1467 1489 qual
1491 1454 1594 1490 gente
1617 1448 1703 1479 assai
1726 1448 1815 1480 intro
1839 1458 1903 1489 per
1925 1448 2024 1491 forca
2048 1448 2083 1479 in
2109 1448 2227 1485 Tasin,

1390 1501 1492 1543 luogo
1517 1502 1561 1533 de
1585 1502 1709 1532 mesier
1731 1501 1858 1539 Xicho,
1881 1502 1913 1532 el
1936 1502 2028 1544 qual,
2046 1501 2155 1543 prima
2172 1511 2226 1533 ro-

1388 1553 1490 1591 bado,
1514 1555 1573 1586 elli
1597 1555 1710 1586 mecte
1733 1555 1790 1596 poi
1818 1565 1838 1585 a
1861 1554 1968 1596 fuogo
1999 1561 2034 1586 et
2063 1565 2083 1585 a
2115 1555 2225 1586 flama.

1387 1608 1626 1639 Comunicado
1639 1607 1695 1648 po'
1707 1607 1850 1640 conseio
1862 1608 1984 1639 mesier
1996 1607 2146 1639 Patharo
2160 1617 2225 1639 con

1387 1661 1398 1692 i
1420 1672 1470 1699 so,
1495 1661 1553 1692 elli
1571 1660 1725 1692 delibero
1743 1661 1786 1692 de
1803 1668 1961 1693 retornar
1978 1671 1997 1692 a
2013 1661 2106 1692 Pava
2122 1670 2225 1703 senca
2267 1656 2276 1661 ’

1386 1714 1493 1745 haver
1515 1714 1688 1746 mandado
1713 1713 1757 1745 ad
1774 1713 1905 1746 effecto
1925 1715 1955 1744 la
1972 1713 2150 1745 intencion
2169 1712 2225 1744 del

1386 1767 1569 1809 magnifico
1593 1767 1712 1808 signor
1735 1775 1846 1798 meser
1862 1767 2070 1798 Francesco.
2105 1766 2226 1797 Havea

1385 1819 1453 1851 ben
1477 1819 1581 1862 perci>
1605 1829 1666 1860 per
1689 1829 1810 1851 anemo
1835 1820 1867 1851 el
1890 1820 1986 1851 dicto
2011 1819 2136 1850 mesier
2158 1818 2224 1850 Pa-

1384 1872 1482 1904 tharo
1508 1873 1551 1904 de
1574 1871 1789 1904 recombater
1816 1873 1848 1903 la
1879 1873 1973 1904 dicta
1997 1872 2091 1904 fossa
2121 1877 2156 1904 et
2180 1881 2224 1902 no

1384 1936 1478 1957 esser
1509 1925 1598 1967 parti
1629 1926 1672 1956 de
1705 1925 1747 1962 la,
1777 1935 1814 1956 se
1846 1925 1913 1956 ello
1942 1935 1986 1957 no
2016 1926 2049 1956 la
2081 1926 2225 1956 havesse

1384 1989 1486 2020 presa
1509 1989 1571 2021 per
1594 1979 1702 2022 forca.
1748 1979 1807 2010 Ma
1838 1979 1871 2009 la
1902 1988 2128 2020 nomenanca,
2159 1979 2224 2010 che

1383 2042 1442 2063 era
1465 2031 1504 2074 ca
1535 2031 1735 2074 divulgada,
1769 2032 1832 2062 che
1857 2031 1879 2062 ’1
1903 2042 1940 2062 re
1968 2032 2010 2063 de
2044 2030 2225 2073 Hongaria

1383 2085 1524 2127 vigniva
1547 2084 1614 2116 alle
1639 2090 1738 2125 parte
1762 2084 1805 2115 de
1834 2084 1936 2116 Italia
1967 2090 2001 2115 et
2032 2084 2097 2116 che
2129 2084 2161 2114 18
2185 2093 2224 2115 so

1383 2143 1486 2180 gente
1511 2147 1571 2169 era
1595 2137 1635 2180 ‚ca
1658 2137 1693 2168 in
1711 2138 1741 2168 le
1758 2144 1856 2178 parte
1881 2137 1923 2168 de
1942 2137 2057 2178 Frioii,
2082 2146 2224 2168 remove

1383 2191 1415 2221 el
1446 2190 1541 2222 dicto
1573 2190 1696 2222 mesier
1725 2189 1876 2221 Patharo
1902 2190 1959 2221 dal
1983 2200 2020 2221 so
2045 2195 2223 2231 proposto.

1383 2243 1452 2275 Per
1475 2243 1507 2275 la
1530 2243 1664 2284 partida
1688 2243 1731 2275 de
1756 2243 1880 2274 mesier
1904 2242 2053 2275 Patharo
2074 2242 2144 2274 cosi
2168 2253 2225 2274 su-

1383 2297 1453 2329 bita
1477 2303 1510 2328 et
1533 2307 1636 2339 senca
1660 2296 1819 2333 victoria,
1845 2296 1857 2327 i
1888 2296 2009 2327 nemisi
2039 2296 2096 2338 pia
2127 2305 2225 2327 maor

1384 2350 1506 2386 animo,
1538 2355 1572 2381 et
1602 2348 1714 2380 subito
1738 2355 1851 2380 mecte
1883 2358 2007 2390 campo
2034 2349 2172 2380 intorno
2206 2359 2225 2380 a

1383 2403 1527 2445 Levigo‚
1547 2408 1580 2434 et
1596 2402 1630 2434 (11
1644 2408 1678 2433 et
1695 2408 1796 2434 nocte
1814 2402 1973 2433 combate
1991 2401 2022 2433 el
2039 2401 2134 2434 dicto
2151 2401 2225 2434 luo-

1382 2466 1445 2499 go:
1463 2456 1497 2487 la
1511 2462 1615 2499 gente
1630 2454 1753 2487 dentro
1770 2465 1835 2486 con
1853 2456 1934 2496 ogni
1950 2455 2066 2496 riparo
2082 2454 2224 2487 intende

1384 2509 1450 2540 alla
1467 2508 1587 2540 defesa
1604 2507 1659 2539 del
1677 2508 1772 2539 dicto
1789 2508 1931 2540 castello
1949 2514 1983 2538 et
1998 2517 2115 2549 spesse
2131 2507 2224 2539 volte

1382 2572 1460 2594 esce
1476 2561 1544 2592 alle
1561 2572 1638 2592 man
1655 2562 1744 2592 coni
1759 2562 1890 2598 nemisi,
1908 2561 1917 2591 i
1936 2561 2029 2602 quali
2046 2567 2140 2592 tucto
2155 2560 2175 2590 'l
2189 2560 2224 2591 di

1383 2614 1393 2645 i
1408 2614 1614 2646 damnificha
1631 2624 1696 2645 con
1712 2614 1809 2644 archi
1823 2619 1857 2644 et
1873 2623 1938 2644 con
1951 2613 2110 2645 balestre.
2142 2613 2223 2645 Cosi

1384 2666 1490 2710 quelli
1515 2667 1557 2698 de
1581 2666 1681 2697 fuora
1705 2667 1740 2697 di
1758 2673 1791 2697 et
1809 2671 1911 2697 nocte
1929 2666 1965 2697 fa
1980 2675 2065 2707 gran
2082 2666 2224 2707 guarde,

1385 2720 1450 2750 che
1473 2719 1496 2750 ’1
1519 2729 1563 2750 no
1588 2718 1637 2750 sia
1667 2719 1765 2760 porta
1795 2729 1857 2759 per
1880 2719 1973 2750 furto
2005 2719 2173 2750 victuarie
2204 2729 2224 2750 a

1385 2770 1490 2812 quelli
1522 2771 1655 2801 dentro.
1700 2769 1744 2800 Et
1776 2770 1846 2801 cosi
1877 2770 1973 2811 quini
2006 2770 2128 2801 dentro
2157 2780 2223 2801 con

1385 2823 1481 2865 quilli
1505 2823 1548 2854 de
1566 2823 1665 2853 fuora
1682 2823 1807 2864 veghia
1824 2823 1855 2853 ai
1873 2822 1988 2853 damni
2005 2821 2075 2852 l’un
2093 2822 2136 2853 de
2152 2822 2225 2853 l’al-

1385 2880 1448 2906 tro.
1475 2873 1534 2904 Ma
1546 2873 1582 2904 in
1595 2878 1717 2915 questo
1732 2883 1841 2915 me90,
1854 2883 1898 2904 no
1912 2872 2085 2905 habiando
2103 2874 2224 2905 nisuna
