2422 3684
405 2830 436 2847 10

447 209 494 242 22
797 207 969 242 GESTA
997 207 1303 243 MAGNIFICA
1331 208 1518 244 DOMUS
1547 208 1936 247 CARRARIENSIS

444 339 490 370 ad
514 338 633 371 domos
657 341 872 374 dominorum
896 342 1077 373 Marsilieti
1102 348 1136 374 et
1160 342 1350 383 Oppiconis
1375 343 1418 375 de
1442 341 1601 375 Carraria
1615 341 1634 380 ¹,
1658 344 1693 376 in
1717 355 1784 387 quo
1800 346 1946 377 tumultu
1969 346 2128 378 inventus
2144 346 2280 389 quidam

447 391 623 423 familiaris
649 394 775 424 domini
801 394 1001 437 Ορρίςοῃὶε,
1027 395 1164 426 nomine
1189 394 1385 436 Papardela
1397 395 1419 432 ²,
1443 396 1556 427 statim
1582 397 1647 428 fuit
1669 397 1882 429 interfectus.
1929 398 2094 431 Similiter
2116 400 2159 431 de
2182 406 2280 441 parte

446 444 543 476 Pauli
569 446 708 486 quidam
733 448 818 479 alter
841 449 907 480 fuit
929 448 1132 479 interfectus
1145 447 1168 479 ⁸.
1214 448 1334 489 Itaque
1360 448 1485 479 Paulus
1508 448 1649 481 abinde
1665 451 1833 483 recedens
1849 453 2002 483 cucurrit
2026 453 2069 483 ad
2092 451 2248 493 platheas
2259 453 2282 490 ⁴,

447 498 501 529 cui
526 498 690 531 Pulionus
714 502 756 533 de
780 501 999 533 Bechadellis
1012 502 1033 540 ⁵,
1066 501 1186 533 Padue
1217 507 1378 542 potestas,
1411 502 1564 534 favebat.
1613 502 1679 535 Hic
1709 514 1795 535 sono
1827 515 1994 546 campane
2027 505 2183 537 comunis
2205 516 2284 537 mox

447 552 611 593 populum
636 555 825 587 concitavit
849 556 892 586 ad
916 566 1020 586 arma.
1066 555 1174 586 Erant
1196 566 1345 597 namque
1370 555 1403 586 in
1429 562 1524 596 parte
1549 556 1645 587 Pauli
1677 557 1793 588 omnia
1823 558 1921 600 signa
1952 558 2114 590 comunis.
2161 558 2283 591 Carra-

446 604 574 637 rienses
598 613 709 639 autem
734 609 919 641 manifeste
944 609 1102 640 videntes
1125 608 1252 640 iniuste
1276 608 1394 639 mortis
1417 608 1480 641 sibi
1503 609 1695 650 periculum
1716 610 1908 649 imminere,
1932 612 2094 654 quoniam
2118 617 2216 644 erant
2239 611 2283 643 ab

448 659 603 690 omnibus
629 661 789 695 destituti.
815 663 920 694 eciam
939 662 983 693 ab
1002 663 1073 703 ipso
1091 661 1250 698 Puliono,
1267 673 1369 704 quem
1387 662 1547 694 fecerant
1562 669 1778 704 potestatem,
1802 665 1924 696 armati
1947 665 1982 696 in
2007 664 2189 697 dextrariis
2205 665 2284 696 viri-

448 711 529 742 liter
551 713 705 746 hostibus
729 722 966 753 occnrrerunt‚
991 726 1134 756 quorum
1158 716 1320 756 impetum
1346 715 1473 747 Paulus
1496 716 1609 748 Dente
1633 717 1785 757 suscepit
1801 718 1976 750 audacter.
2015 717 2076 750 Set
2099 718 2191 750 bello
2215 718 2283 749 iam

451 766 633 799 commisso
658 779 718 809 per
742 770 859 801 horam
883 769 964 800 satis
988 768 1074 800 duro
1098 774 1133 800 et
1156 769 1251 806 forti,
1275 769 1486 800 Theotonici
1509 769 1753 808 subvenerunt,
1781 771 1857 812 plus
1888 771 1995 804 Paulo
2027 783 2128 814 quam
2160 772 2282 805 Carra-

449 818 620 852 riensibus
644 821 811 857 faventes,
838 824 1071 864 fingentesque
1095 822 1183 854 inter
1205 828 1322 864 partes
1341 823 1430 854 velle
1449 833 1670 863 componere,
1687 824 1859 856 iusserunt
1875 823 2113 857 Carrarienses
2128 825 2286 868 aliquan-

450 871 555 902 tulum
582 874 625 905 de
649 875 797 915 platheis
820 877 998 911 secedere,
1025 881 1216 907 asserentes
1241 876 1336 917 quod
1361 876 1469 907 eciam
1493 876 1621 908 Paulus
1638 878 1772 909 faceret
1787 877 1873 909 illud
1889 877 1994 910 idem.
2039 878 2166 911 Paulus
2189 889 2284 916 vero,

449 924 569 956 volens
591 929 759 968 perficere
783 930 875 969 quod
900 930 1051 969 optabat,
1078 935 1155 970 post
1185 939 1357 960 secessum
1388 931 1510 961 iterum
1540 929 1738 971 regreditur
1769 932 1813 962 ad
1844 931 1983 962 bellum.
2029 932 2130 964 Tunc
2161 931 2284 964 Carra-

451 977 580 1010 rienses
605 982 701 1021 quasi
725 983 787 1013 soli
812 989 1053 1025 pugnaverunt
1069 989 1102 1015 et
1127 993 1196 1014 non
1220 983 1341 1020 minus,
1366 994 1466 1025 quam
1493 983 1638 1022 fortiter,
1655 984 1844 1025 prudenter
1861 991 1895 1016 et
1912 986 2063 1028 egregie,
2079 986 2287 1027 tandemque

450 1033 680 1073 conpulerunt
702 1034 844 1066 Paulum
878 1047 953 1067 cum
985 1036 1055 1067 suis
1079 1036 1236 1077 platheas
1261 1036 1365 1072 exire,
1391 1037 1449 1078 qui
1480 1043 1600 1078 postea
1624 1037 1754 1068 relictis
1778 1037 1875 1079 equis
1905 1038 2039 1079 aufugit
2064 1043 2213 1070 castrum
2239 1038 2282 1069 de

452 1083 609 1118 Triville.
656 1087 732 1119 Hec
757 1089 830 1119 dies
855 1089 917 1120 fnit
942 1090 1083 1120 multum
1108 1089 1386 1121 Carrariensibus
1410 1089 1581 1129 ambigua,
1605 1096 1638 1121 et
1661 1101 1774 1133 quarn,
1806 1091 1833 1122 si
1865 1090 1992 1122 Paulus
2014 1101 2082 1122 non
2115 1091 2236 1123 fuisset
2267 1101 2286 1122 a

449 1138 518 1167 suis
535 1137 728 1175 destitutus,
745 1142 886 1173 indubie
904 1143 986 1184 ipsis
1004 1143 1146 1174 fecisset
1168 1142 1381 1174 lacrimosam
1397 1142 1404 1173 !
1428 1143 1468 1174 In
1490 1143 1557 1174 hoc
1582 1143 1672 1175 bello
1696 1144 1864 1176 vulnerati
1888 1145 1983 1186 quasi
2007 1155 2125 1176 omnes
2141 1145 2184 1176 de
2201 1143 2285 1175 Car-

449 1190 540 1221 raria
572 1192 683 1224 fuere:
715 1195 825 1235 primo
857 1195 1013 1226 dominus
1044 1196 1220 1232 Nicolaus,
1244 1196 1358 1227 efosso
1382 1195 1536 1229 brachio.
1568 1196 1604 1227 in
1632 1207 1716 1228 naso
1739 1196 1859 1229 habuit
1887 1197 2103 1234 cicatricem;
2128 1197 2287 1229 dominus

451 1243 627 1277 Marsilius
650 1248 759 1279 maior
782 1249 929 1280 viriliter
955 1249 1130 1291 pugnavit.
1178 1249 1256 1285 Hic,
1283 1248 1397 1280 multis
1426 1249 1628 1282 vulneribus
1651 1250 1850 1291 perforatus
1874 1257 1908 1282 et
1937 1250 2080 1282 mortuis
2111 1250 2174 1282 sibi
2207 1260 2285 1282 suc-

451 1297 579 1328 cessive
606 1300 702 1341 equis
727 1301 868 1336 duobus,
894 1303 1009 1334 multis
1032 1303 1152 1334 diebus
1172 1303 1268 1345 quasi
1293 1302 1336 1334 ad
1361 1308 1504 1334 mortem
1532 1303 1637 1334 iacuit
1661 1303 1824 1335 infirmus.
1871 1304 2037 1335 Dominus
2060 1303 2194 1346 Oppico
2217 1304 2286 1334 ictu

452 1349 557 1390 ⁴(gladii
582 1359 728 1394 quatuor
751 1355 909 1386 dentibus
933 1356 1085 1397 privatus
1109 1362 1170 1387 est.
1216 1355 1392 1387 Marsilius
1416 1356 1537 1393 minor,
1562 1356 1679 1388 occiso
1701 1356 1765 1388 sibi
1791 1357 1976 1394 dextrario,
2001 1357 2197 1388 vulneratus
2220 1355 2286 1388 fuit

452 1402 483 1433 in
512 1414 623 1437 crure.
670 1407 751 1439 Post
778 1408 844 1439 hoc
867 1409 993 1441 bellum
1019 1409 1125 1441 abbas
1153 1415 1271 1440 sancte
1302 1409 1444 1447 Iustine‚
1468 1420 1531 1449 per
1561 1408 1814 1448 Carrarienses,
1846 1417 2064 1451 oppugnatus
2095 1411 2139 1441 ad
2174 1409 2286 1441 locum

451 1467 546 1488 suum
578 1470 638 1499 per
662 1460 811 1496 insidias.
836 1463 981 1502 aufugit.
1029 1462 1096 1493 Hic
1113 1463 1177 1494 fuit
1193 1473 1270 1494 cum
1289 1463 1424 1494 duobus
1441 1463 1516 1494 filiis
1531 1463 1655 1504 spuriis
1677 1463 1720 1495 de
1737 1463 1874 1495 civitate
1897 1463 2068 1495 bannitus.
2106 1463 2287 1495 Conradus

454 1510 497 1540 de
513 1510 685 1553 Vigoncia
703 1520 734 1545 et
752 1514 968 1547 llecardinus
984 1515 1128 1548 Malicia
1149 1516 1289 1548 fuerunt
1307 1526 1382 1548 cum
1400 1516 1477 1548 filiis
1492 1516 1634 1554 banniti,
1650 1516 1749 1549 bonis
1765 1516 1917 1558 ipsorum
1933 1516 2130 1558 publicatis.
2162 1515 2288 1547 Paulus

453 1563 564 1594 Dente
597 1576 672 1596 cum
705 1567 860 1598 omnibus
893 1569 935 1600 de
967 1570 1064 1610 prole
1089 1570 1259 1601 bannitus.
1306 1569 1414 1601 Filius
1438 1568 1610 1601 Albertini
1635 1569 1778 1601 Mussati
1803 1576 1836 1602 et
1863 1569 1922 1601 alii
1946 1569 2056 1602 multi.
2080 1569 2137 1611 qui
2165 1574 2287 1601 contra

454 1614 692 1650 Carrarienses
717 1630 791 1651 cum
817 1621 923 1653 Paulo
948 1622 1227 1661 coniuraverant‚
1246 1623 1356 1655 eciam
1376 1623 1515 1654 fuerunt
1531 1622 1732 1654 forbanniti.
1770 1622 1971 1655 Albertinus
1986 1622 2158 1654 Mussatus
2174 1628 2287 1663 poeta,

455 1669 513 1709 qui
537 1670 706 1703 Vicencie
731 1680 814 1707 erat.
838 1681 981 1716 propter
1005 1676 1167 1707 delictum
1190 1676 1306 1708 fratris
1328 1676 1391 1715 sui,
1419 1677 1477 1718 qui
1501 1676 1608 1708 abbas
1631 1683 1704 1708 erat
1726 1683 1848 1708 sancte
1870 1677 2010 1713 Iusfine,
2035 1682 2068 1708 et
2092 1676 2200 1707 eciam
2217 1675 2288 1714 filii,

455 1721 576 1765 Clugie
602 1726 667 1756 fuit
690 1727 890 1759 confinatus.
937 1729 1102 1761 Dominus
1125 1730 1295 1762 lohannes
1319 1730 1362 1761 de
1393 1728 1515 1771 Canpo
1539 1730 1657 1762 Sancti
1688 1729 1782 1761 Petri
1813 1730 1922 1762 eciam
1956 1739 1997 1761 ex
2027 1730 2095 1761 hoc
2126 1729 2290 1760 Veneciis

455 1777 656 1809 confinatus.
703 1779 820 1811 Multis
843 1787 954 1812 autem
981 1782 1219 1814 Carrarienses
1243 1789 1488 1824 pepercerunt;
1512 1794 1532 1814 a
1556 1782 1760 1824 quibusdam
1784 1793 1868 1815 vero
1883 1783 2048 1824 pecunias
2064 1788 2288 1814 extorserunt.

543 1876 595 1906 49.
621 1875 721 1917 [1531.
747 1899 786 1902 —
813 1878 1004 1920 [S]equenti
1029 1890 1110 1912 vero
1135 1880 1203 1917 die,
1227 1886 1305 1921 post
1327 1881 1596 1922 suprascriptum
1614 1880 1752 1918 bellum,
1770 1880 1928 1913 dominus
1943 1880 2132 1912 Ubertinus
2149 1879 2191 1911 de
2207 1877 2291 1911 Car-

456 1928 546 1958 raria
572 1935 606 1960 et
630 1930 794 1962 Tartarus
819 1933 862 1962 de
886 1932 1130 1965 Lendenaria⁶
1154 1933 1305 1965 Paduam
1330 1934 1517 1971 redierunt,
1542 1942 1576 1966 et
1599 1934 1656 1965 die
1674 1934 1828 1976 sequenti
1848 1935 1986 1966 domum
2004 1937 2290 1975 oppugnaverunt

456 1981 634 2019 PulHonis,
658 1983 775 2015 Padue
801 1986 990 2026 potestatis,
1007 1997 1107 2027 quem
1126 1986 1325 2019 asserebant
1348 1997 1424 2019 cum
1447 1987 1555 2019 Paulo
1571 1988 1683 2020 Dente
1701 1993 1822 2020 contra
1838 1987 2077 2020 Carrarienses
2093 1987 2291 2019 coniurasse

457 2040 490 2065 et
515 2035 641 2067 favisse
667 2039 752 2077 parti
778 2049 847 2070 sue.
895 2040 964 2076 Qui
989 2046 1150 2081 potestas,
1173 2041 1268 2072 nulla
1292 2046 1412 2073 contra
1427 2041 1605 2082 predictos
1621 2041 1796 2073 dominum
1813 2039 2019 2073 Ubertinum
2037 2045 2072 2072 et
2095 2049 2174 2072 suos
2198 2039 2292 2071 facta

456 2088 610 2124 defensa.
636 2092 779 2131 turpiter
803 2092 959 2130 latitavit,
983 2099 1034 2124 set
1058 2105 1135 2125 mox
1168 2094 1376 2126 adinventus
1407 2104 1483 2126 cum
1515 2100 1587 2126 tota
1618 2105 1678 2125 sua
1710 2094 1850 2131 familia,
1882 2093 2068 2131 iudicibus,
2099 2092 2290 2130 cavaleriis‚

457 2141 646 2173 domicellis
671 2149 703 2174 et
728 2143 930 2183 bnrodariis,
954 2146 1144 2178 trucidatus
1167 2153 1234 2178 est:
1260 2147 1291 2177 in
1318 2146 1410 2187 quo'
1436 2147 1544 2179 eciam
1572 2147 1671 2178 offuit
1693 2147 1759 2188 ipsi
1782 2146 1958 2188 potestati,
1993 2146 2085 2189 quod
2117 2145 2291 2178 dominum

457 2194 660 2226 Ubertinum
685 2196 979 2230 condemnaverat
1003 2199 1046 2230 de
1069 2206 1178 2231 morte
1204 2200 1380 2232 Guilielmi
1398 2200 1520 2237 Dente,
1538 2200 1630 2242 quod
1647 2200 1755 2241 ipsius
1773 2201 1911 2231 domum
1929 2199 2017 2231 dirui
2033 2200 2177 2230 fecerat.
2209 2197 2292 2230 Post

457 2257 538 2279 vero
563 2248 727 2280 mortem⁸
751 2251 858 2290 ipsius
883 2251 1009 2283 domini
1035 2254 1213 2293 potestatis
1237 2252 1395 2284 dominus
1417 2253 1608 2285 Ubertinus
1633 2263 1708 2285 cum
1731 2252 1937 2295 sequacibus
1959 2251 2029 2284 suis
2052 2250 2291 2283 cancellariam

548 2394 572 2411 2.
593 2389 701 2411 occisus
722 2388 744 2412 S
764 2402 793 2405 -r-
816 2394 839 2419 3.
859 2389 994 2419 cucurrit]
1016 2391 1105 2414 traxit
1125 2390 1148 2414 S
1166 2404 1195 2407 —
1218 2398 1241 2421 4.
1262 2392 1292 2414 ut
1311 2391 1439 2415 habitum
1461 2392 1559 2422 postea
1579 2392 1628 2415 est.
1666 2390 1718 2414 Hic
1739 2390 1879 2414 Pulionus
1892 2397 1960 2421 agg.
1979 2389 2044 2413 S—
2059 2396 2082 2420 5.
2096 2389 2193 2413 omnia
2207 2397 2255 2413 om.
2269 2389 2293 2414 S

463 2442 495 2446 —
521 2428 545 2452 6.
573 2430 624 2453 sibi
646 2432 726 2454 exilii
749 2433 775 2453 ct
796 2431 901 2455 iniusti·
922 2434 1020 2456 mortis
1041 2433 1125 2463 peric.
1147 2434 1169 2457 S
1185 2446 1193 2450 -
1212 2435 1346 2464 quantum
1369 2434 1391 2457 S
1411 2447 1443 2451 —
1469 2432 1493 2457 8.
1513 2434 1553 2457 eis
1574 2440 1724 2457 occurrens
1749 2440 1856 2464 suscep.
1881 2431 1902 2455 S
1924 2445 1935 2450 -
1955 2431 2030 2455 bello
2051 2432 2144 2462 itaque
2163 2431 2186 2454 S
2203 2444 2211 2448 -
2231 2433 2287 2455 iam

465 2472 549 2495 ferme
569 2472 591 2495 S
609 2486 638 2490 —
659 2480 684 2503 9.
704 2473 876 2496 'l'lieotoniri
900 2474 1079 2505 stipendiarii
1100 2477 1321 2507 comparuerunt
1341 2476 1373 2499 ad
1396 2475 1504 2507 plateas
1524 2476 1587 2507 plus
1607 2475 1690 2498 valde
1710 2474 1798 2498 Paulo
1817 2475 1882 2499 8-
1901 2481 1938 2497 11.
1959 2471 2054 2505 asse-n]
2069 2473 2251 2503 iniungentes
2269 2473 2293 2498 S

463 2526 495 2530 —
519 2521 558 2546 14.
573 2514 680 2537 relictis
694 2515 785 2545 equis]
801 2518 944 2547 assumpto
965 2516 1024 2539 filio
1045 2516 1195 2540 Guilielmi
1217 2518 1250 2541 de
1270 2518 1361 2541 Dente
1381 2518 1404 2541 S
1422 2531 1452 2533 —
1476 2523 1514 2547 ις.
1535 2517 1592 2540 nisl
1611 2516 1716 2541 Paulus
1736 2516 1759 2541 S
1777 2529 1808 2533 —-
1836 2516 1875 2540 18,
1901 2516 2013 2538 saucius
2032 2516 2059 2538 et
2079 2515 2247 2539 interfectus
2267 2515 2290 2540 S

463 2569 495 2573 —
518 2563 558 2587 ¹9-
579 2558 670 2587 primo
692 2557 744 2579 sibi
767 2558 788 2581 S
805 2571 836 2574 —
859 2564 899 2581 22.
920 2558 988 2581 siliis
1009 2560 1066 2582 suis
1086 2559 1108 2582 S
1126 2573 1157 2575 —
1180 2565 1219 2590 23.
1241 2560 1422 2591 ipsorumque
1441 2560 1514 2582 bona
1534 2559 1680 2591 publicata
1699 2558 1722 2582 S
1740 2572 1770 2575 —
1792 2563 1832 2589 24.
1853 2557 1902 2588 qui
1922 2559 1990 2580 tunc
2015 2556 2038 2581 S
2071 2570 2086 2573 -
2110 2562 2150 2587 27.
2177 2564 2211 2580 ex
2236 2557 2289 2581 hoc

461 2599 546 2622 etiam
567 2598 590 2621 S
607 2612 638 2615 —
660 2598 701 2622 28.
721 2597 825 2631 autem]
846 2600 930 2623 etiam
951 2600 974 2624 S
993 2613 1023 2618 ——
1045 2608 1086 2631 35.
1106 2599 1192 2633 quod]
1210 2604 1237 2624 et
1258 2601 1306 2632 qui
1326 2601 1349 2625 S
1366 2615 1398 2617 —
1418 2600 1460 2632 36.
1481 2602 1540 2625 suis
1559 2609 1608 2625 om.
1629 2601 1651 2625 S

550 2699 557 2715 ¹
578 2699 601 2723 11
621 2699 734 2724 Cortusi
756 2700 815 2731 (Ill,
843 2700 871 2731 6)
895 2699 944 2732 piu
967 2703 1220 2732 sominarianiente,
1244 2702 1346 2733 “quasi
1406 2702 1462 2725 “de
1482 2702 1612 2725 Bononia
1633 2705 1715 2731 etc.„,
1737 2708 1750 2724 e
1770 2699 1843 2723 sulla
1862 2701 1954 2724 scorta
1980 2699 2024 2723 del
2045 2701 2179 2724 racconto
2198 2702 2291 2724 cortu-

463 2741 692 2765 “vendicaturus
712 2744 817 2765 mortes
843 2744 901 2775 ejus
927 2746 1024 2767 contra
1051 2742 1246 2768 Cari-arienses
1266 2745 1348 2768 inno-
1403 2744 1486 2767 siano
1511 2751 1645 2775 prosegue
1671 2744 1746 2766 tutta
1773 2742 1800 2766 la
1831 2742 1998 2765 narrazione
2028 2741 2072 2765 dcl
2103 2742 2292 2774 compilatore

466 2784 477 2796 “
490 2787 582 2808 centes
594 2802 605 2813 „
626 2791 707 2808 senza
728 2784 940 2815 specificazionc
955 2785 987 2809 n'e
1001 2786 1030 2809 di
1046 2794 1162 2817 persone
1178 2785 1210 2810 n'e
1224 2787 1251 2810 di
1267 2787 1349 2810 fatto.
1404 2792 1542 2809 carrarese
1561 2785 1618 2808 fino
1638 2785 1694 2808 alla
1714 2784 1767 2808 fine
1786 2783 1830 2807 del
1850 2783 1987 2815 capitolo.

551 2822 562 2838 ⁴³
582 2825 681 2848 Manca
704 2825 747 2847 nel
769 2828 902 2848 racconto
922 2826 966 2849 del
987 2825 1101 2850 Cortusi
1123 2826 1181 2857 (111,
1200 2826 1236 2857 6).
1491 2825 1502 2842 ⁶
1521 2827 1674 2851 Conforme
1693 2834 1707 2850 a
1727 2825 1865 2854 Coa‘rus.,
1887 2826 1992 2856 Chron..
2011 2825 2058 2854 111,
2078 2825 2102 2849 6.

551 2864 561 2880 ³
585 2866 687 2889 Manca
708 2866 752 2889 nel
774 2869 906 2890 rat-conto
927 2867 969 2890 del
992 2868 1105 2891 Cortusi
1122 2868 1179 2899 (ΙΙΙ,
1200 2867 1236 2899 6).
1491 2867 1501 2883 ⁷
1522 2867 1577 2892 “In
1597 2875 1651 2899 quo
1670 2868 1758 2891 eciam
1772 2867 1856 2891 offuit
1874 2880 1906 2884 —
1926 2867 2001 2891 dirui
2022 2867 2127 2892 fecerat
2138 2885 2162 2899 ,‚,
2182 2866 2196 2892 'e
2215 2874 2290 2892 com-

552 2906 563 2922 ⁴
585 2907 718 2937 Com-us„
741 2909 843 2936 chron„
863 2908 911 2938 ΙΙΙ,
930 2908 960 2932 6;
983 2909 994 2921 ‘⁴
1007 2910 1111 2933 Paulus
1138 2917 1239 2933 vero..
1251 2928 1256 2933 .
1268 2926 1275 2934 .
1302 2911 1350 2933 ite·
1405 2911 1498 2934 mento
1519 2910 1656 2941 aggiunto
1675 2909 1721 2932 dal
1735 2908 1933 2940 compilatore,
1947 2909 1998 2932 che
2017 2916 2075 2932 non
2088 2909 2176 2941 figura
2191 2909 2236 2933 nel
2251 2910 2289 2933 te-

464 2952 547 2974 “rum
570 2951 685 2973 accessit
704 2950 737 2973 ad
757 2950 894 2978 hellurum
1405 2954 1449 2976 sto
1469 2952 1635 2975 cortusiano
1656 2950 1714 2981 (ΙΙΙ,
1734 2950 1771 2980 6).

552 2993 562 3005 '¹
583 2992 718 3021 Comus„
742 2993 843 3021 ohram,
863 2992 910 3021 ΙΙΙ,
931 2992 959 3015 6:
976 2993 987 3005 ‘⁴
1002 2992 1073 3017 lluic
1089 2993 1201 3016 favebat
1213 2992 1350 3017 Pulionus
1491 2991 1503 3007 ⁸
1524 2992 1661 3022 Coruus,
1682 2993 1786 3023 Chrom,
1806 2993 1852 3023 IV,
1872 2997 1896 3023 5.

2312 824 2350 856 10

2313 1088 2350 1121 15

2310 1356 2352 1387 20

2311 1620 2352 1653 25

2312 1931 2355 1963 3Ο

2315 2196 2355 2230 35

2321 2705 2352 2731 ι5

2318 2915 2352 2933 20
