<?xml version="1.0" encoding="UTF-8"?>
<!DOCTYPE html PUBLIC "-//W3C//DTD XHTML 1.0 Transitional//EN"
    "http://www.w3.org/TR/xhtml1/DTD/xhtml1-transitional.dtd">
<html xmlns="http://www.w3.org/1999/xhtml" xml:lang="en" lang="en">
 <head>
  <title>
</title>
<meta http-equiv="Content-Type" content="text/html;charset=utf-8" />
  <meta name='ocr-system' content='tesseract 3.04.00' />
  <meta name='ocr-capabilities' content='ocr_page ocr_carea ocr_par ocr_line ocrx_word'/>
</head>
<body>
  <div class='ocr_page' id='page_1' title='image "./p1f11rerumitalica17murauoft_0212.png"; bbox 0 0 2422 3684; ppageno 0'>
   <div class='ocr_carea' id='block_1_1' title="bbox 764 268 1890 308">
    <p class='ocr_par' dir='ltr' id='par_1_1' title="bbox 764 268 1890 308">
     <span class='ocr_line' id='line_1_1' title="bbox 764 268 1890 308; baseline 0.004 -5"><span class='ocrx_word' id='word_1_1' title='bbox 764 268 939 304; x_wconf 84' lang='lat' dir='ltr'>GESTA</span> <span class='ocrx_word' id='word_1_2' title='bbox 967 268 1273 304; x_wconf 80' lang='lat' dir='ltr'><strong>MAGNIFICA</strong></span> <span class='ocrx_word' id='word_1_3' title='bbox 1294 270 1476 305; x_wconf 90' lang='lat' dir='ltr'>DOMUS</span> <span class='ocrx_word' id='word_1_4' title='bbox 1505 270 1890 308; x_wconf 88' lang='lat' dir='ltr'><strong>CARRARIENSIS</strong></span> 
     </span>
    </p>
   </div>
   <div class='ocr_carea' id='block_1_2' title="bbox 746 401 938 432">
    <p class='ocr_par' dir='ltr' id='par_1_2' title="bbox 746 401 938 432">
     <span class='ocr_line' id='line_1_2' title="bbox 746 401 938 432; baseline 0.005 -1"><span class='ocrx_word' id='word_1_5' title='bbox 746 401 884 432; x_wconf 82' lang='lat' dir='ltr'><strong>REDAZ.</strong></span> <span class='ocrx_word' id='word_1_6' title='bbox 906 401 938 432; x_wconf 89' lang='lat' dir='ltr'><em>A</em></span> 
     </span>
    </p>
   </div>
   <div class='ocr_carea' id='block_1_3' title="bbox 405 471 1259 2952">
    <p class='ocr_par' dir='ltr' id='par_1_3' title="bbox 405 471 1259 2952">
     <span class='ocr_line' id='line_1_3' title="bbox 417 471 1259 515; baseline 0.005 -14"><span class='ocrx_word' id='word_1_7' title='bbox 417 471 598 508; x_wconf 87' lang='lat' dir='ltr'>Iohannes,</span> <span class='ocrx_word' id='word_1_8' title='bbox 622 481 737 503; x_wconf 89' lang='lat' dir='ltr'>comes</span> <span class='ocrx_word' id='word_1_9' title='bbox 773 473 815 504; x_wconf 89' lang='lat' dir='ltr'>de</span> <span class='ocrx_word' id='word_1_10' title='bbox 850 473 1123 511; x_wconf 88' lang='lat' dir='ltr'>Admersvenen,</span> <span class='ocrx_word' id='word_1_11' title='bbox 1154 474 1259 515; x_wconf 78' lang='lat' dir='ltr'>ipsius</span> 
     </span>
     <span class='ocr_line' id='line_1_4' title="bbox 418 524 1258 567; baseline 0.005 -13"><span class='ocrx_word' id='word_1_12' title='bbox 418 524 517 555; x_wconf 87' lang='lat' dir='ltr'>ducis</span> <span class='ocrx_word' id='word_1_13' title='bbox 541 524 660 561; x_wconf 78' lang='lat' dir='ltr'>affinis,</span> <span class='ocrx_word' id='word_1_14' title='bbox 674 536 749 556; x_wconf 88' lang='lat' dir='ltr'>cum</span> <span class='ocrx_word' id='word_1_15' title='bbox 775 527 923 567; x_wconf 90' lang='lat' dir='ltr'>quodam</span> <span class='ocrx_word' id='word_1_16' title='bbox 948 527 1014 558; x_wconf 88' lang='lat' dir='ltr'>alio</span> <span class='ocrx_word' id='word_1_17' title='bbox 1032 527 1155 558; x_wconf 87' lang='lat' dir='ltr'>comite</span> <span class='ocrx_word' id='word_1_18' title='bbox 1172 528 1258 559; x_wconf 91' lang='lat' dir='ltr'>mul-</span> 
     </span>
     <span class='ocr_line' id='line_1_5' title="bbox 417 577 1258 619; baseline 0.005 -11"><span class='ocrx_word' id='word_1_19' title='bbox 417 578 529 619; x_wconf 87' lang='lat' dir='ltr'>tisque</span> <span class='ocrx_word' id='word_1_20' title='bbox 554 577 726 610; x_wconf 90' lang='lat' dir='ltr'>nobilibus</span> <span class='ocrx_word' id='word_1_21' title='bbox 750 585 783 610; x_wconf 84' lang='lat' dir='ltr'>et</span> <span class='ocrx_word' id='word_1_22' title='bbox 806 579 971 611; x_wconf 77' lang='lat' dir='ltr'>militibus</span> <span class='ocrx_word' id='word_1_23' title='bbox 994 578 1147 612; x_wconf 85' lang='lat' dir='ltr'><strong>Paduam</strong></span> <span class='ocrx_word' id='word_1_24' title='bbox 1181 591 1258 612; x_wconf 90' lang='lat' dir='ltr'>cum</span> 
     </span>
     <span class='ocr_line' id='line_1_6' title="bbox 418 631 1257 676; baseline 0.006 -16"><span class='ocrx_word' id='word_1_25' title='bbox 418 631 520 671; x_wconf 90' lang='lat' dir='ltr'>pleno</span> <span class='ocrx_word' id='word_1_26' title='bbox 535 641 662 662; x_wconf 87' lang='lat' dir='ltr'>venere</span> <span class='ocrx_word' id='word_1_27' title='bbox 682 633 853 664; x_wconf 86' lang='lat' dir='ltr'>mandato.</span> <span class='ocrx_word' id='word_1_28' title='bbox 879 632 1008 674; x_wconf 86' lang='lat' dir='ltr'>Sicque</span> <span class='ocrx_word' id='word_1_29' title='bbox 1022 633 1078 665; x_wconf 89' lang='lat' dir='ltr'>die</span> <span class='ocrx_word' id='word_1_30' title='bbox 1091 634 1257 676; x_wconf 79' lang='lat' dir='ltr'>vigesima</span> 
     </span>
     <span class='ocr_line' id='line_1_7' title="bbox 418 685 1256 723; baseline 0.006 -9"><span class='ocrx_word' id='word_1_31' title='bbox 418 695 507 715; x_wconf 87' lang='lat' dir='ltr'>nona</span> <span class='ocrx_word' id='word_1_32' title='bbox 534 685 662 715; x_wconf 83' lang='lat' dir='ltr'>mensis</span> <span class='ocrx_word' id='word_1_33' title='bbox 692 685 896 723; x_wconf 76' lang='lat' dir='ltr'>novembris,</span> <span class='ocrx_word' id='word_1_34' title='bbox 924 686 957 716; x_wconf 87' lang='lat' dir='ltr'>iu</span> <span class='ocrx_word' id='word_1_35' title='bbox 992 686 1090 718; x_wconf 89' lang='lat' dir='ltr'>herili</span> <span class='ocrx_word' id='word_1_36' title='bbox 1123 687 1256 719; x_wconf 89' lang='lat' dir='ltr'>theatro</span> 
     </span>
     <span class='ocr_line' id='line_1_8' title="bbox 415 737 1255 778; baseline 0.005 -11"><span class='ocrx_word' id='word_1_37' title='bbox 415 737 521 778; x_wconf 85' lang='lat' dir='ltr'>ipsius</span> <span class='ocrx_word' id='word_1_38' title='bbox 558 737 689 769; x_wconf 86' lang='lat' dir='ltr'>domini</span> <span class='ocrx_word' id='word_1_39' title='bbox 724 738 911 776; x_wconf 85' lang='lat' dir='ltr'>Francisci‚</span> <span class='ocrx_word' id='word_1_40' title='bbox 947 740 1003 771; x_wconf 90' lang='lat' dir='ltr'>ubi</span> <span class='ocrx_word' id='word_1_41' title='bbox 1040 740 1255 772; x_wconf 83' lang='lat' dir='ltr'>dominarum</span> 
     </span>
     <span class='ocr_line' id='line_1_9' title="bbox 416 791 1258 835; baseline 0.005 -14"><span class='ocrx_word' id='word_1_42' title='bbox 416 796 512 821; x_wconf 88' lang='lat' dir='ltr'>cetus</span> <span class='ocrx_word' id='word_1_43' title='bbox 544 797 576 822; x_wconf 91' lang='lat' dir='ltr'>et</span> <span class='ocrx_word' id='word_1_44' title='bbox 607 791 768 822; x_wconf 77' lang='lat' dir='ltr'>nobilium</span> <span class='ocrx_word' id='word_1_45' title='bbox 800 792 980 823; x_wconf 87' lang='lat' dir='ltr'>multorum</span> <span class='ocrx_word' id='word_1_46' title='bbox 1011 794 1154 835; x_wconf 85' lang='lat' dir='ltr'>grandis</span> <span class='ocrx_word' id='word_1_47' title='bbox 1185 801 1258 826; x_wconf 86' lang='lat' dir='ltr'>erat</span> 
     </span>
     <span class='ocr_line' id='line_1_10' title="bbox 416 845 1255 888; baseline 0.005 -14"><span class='ocrx_word' id='word_1_48' title='bbox 416 845 518 884; x_wconf 86' lang='lat' dir='ltr'>copia</span> <span class='ocrx_word' id='word_1_49' title='bbox 543 850 577 875; x_wconf 91' lang='lat' dir='ltr'>et</span> <span class='ocrx_word' id='word_1_50' title='bbox 599 855 780 876; x_wconf 88' lang='lat' dir='ltr'>numerosa</span> <span class='ocrx_word' id='word_1_51' title='bbox 803 845 923 887; x_wconf 88' lang='lat' dir='ltr'>populi</span> <span class='ocrx_word' id='word_1_52' title='bbox 951 846 1146 884; x_wconf 78' lang='lat' dir='ltr'>multitudo,</span> <span class='ocrx_word' id='word_1_53' title='bbox 1178 858 1255 888; x_wconf 90' lang='lat' dir='ltr'>pre-</span> 
     </span>
     <span class='ocr_line' id='line_1_11' title="bbox 416 896 1254 942; baseline 0.007 -16"><span class='ocrx_word' id='word_1_54' title='bbox 416 896 507 927; x_wconf 87' lang='lat' dir='ltr'>dicta</span> <span class='ocrx_word' id='word_1_55' title='bbox 531 897 672 928; x_wconf 87' lang='lat' dir='ltr'>domina</span> <span class='ocrx_word' id='word_1_56' title='bbox 689 897 753 928; x_wconf 76' lang='lat' dir='ltr'>fuit</span> <span class='ocrx_word' id='word_1_57' title='bbox 774 897 992 938; x_wconf 79' lang='lat' dir='ltr'>desponsata,</span> <span class='ocrx_word' id='word_1_58' title='bbox 1010 899 1254 942; x_wconf 85' lang='lat' dir='ltr'>celebratoque</span> 
     </span>
     <span class='ocr_line' id='line_1_12' title="bbox 415 949 1256 990; baseline 0.007 -11"><span class='ocrx_word' id='word_1_59' title='bbox 415 949 572 990; x_wconf 60' lang='lat' dir='ltr'>prandit»,</span> <span class='ocrx_word' id='word_1_60' title='bbox 597 950 684 981; x_wconf 91' lang='lat' dir='ltr'>duce</span> <span class='ocrx_word' id='word_1_61' title='bbox 711 951 851 982; x_wconf 88' lang='lat' dir='ltr'>domino</span> <span class='ocrx_word' id='word_1_62' title='bbox 876 951 1062 984; x_wconf 82' lang='lat' dir='ltr'>Berthucio</span> <span class='ocrx_word' id='word_1_63' title='bbox 1087 953 1130 984; x_wconf 86' lang='lat' dir='ltr'>de</span> <span class='ocrx_word' id='word_1_64' title='bbox 1157 953 1256 985; x_wconf 78' lang='lat' dir='ltr'>Mon-</span> 
     </span>
     <span class='ocr_line' id='line_1_13' title="bbox 415 1001 1255 1048; baseline 0.008 -17"><span class='ocrx_word' id='word_1_65' title='bbox 415 1008 449 1032; x_wconf 83' lang='lat' dir='ltr'>te</span> <span class='ocrx_word' id='word_1_66' title='bbox 473 1001 628 1033; x_wconf 61' lang='lat' dir='ltr'>Blelluno</span> <span class='ocrx_word' id='word_1_67' title='bbox 661 1003 804 1034; x_wconf 90' lang='lat' dir='ltr'>militum</span> <span class='ocrx_word' id='word_1_68' title='bbox 829 1010 862 1034; x_wconf 88' lang='lat' dir='ltr'>et</span> <span class='ocrx_word' id='word_1_69' title='bbox 887 1004 1050 1036; x_wconf 87' lang='lat' dir='ltr'>nobilium</span> <span class='ocrx_word' id='word_1_70' title='bbox 1075 1007 1255 1048; x_wconf 68' lang='lat' dir='ltr'>sexaginta</span> 
     </span>
     <span class='ocr_line' id='line_1_14' title="bbox 415 1055 1253 1100; baseline 0.007 -15"><span class='ocrx_word' id='word_1_71' title='bbox 415 1056 520 1095; x_wconf 78' lang='lat' dir='ltr'>partis</span> <span class='ocrx_word' id='word_1_72' title='bbox 543 1055 619 1086; x_wconf 90' lang='lat' dir='ltr'>albe</span> <span class='ocrx_word' id='word_1_73' title='bbox 636 1062 670 1086; x_wconf 86' lang='lat' dir='ltr'>et</span> <span class='ocrx_word' id='word_1_74' title='bbox 686 1056 792 1087; x_wconf 88' lang='lat' dir='ltr'>milite</span> <span class='ocrx_word' id='word_1_75' title='bbox 810 1058 951 1100; x_wconf 82' lang='lat' dir='ltr'>egregio</span> <span class='ocrx_word' id='word_1_76' title='bbox 968 1057 1106 1090; x_wconf 88' lang='lat' dir='ltr'>domino</span> <span class='ocrx_word' id='word_1_77' title='bbox 1123 1059 1253 1092; x_wconf 84' lang='lat' dir='ltr'>Manno</span> 
     </span>
     <span class='ocr_line' id='line_1_15' title="bbox 415 1108 1254 1153; baseline 0.007 -15"><span class='ocrx_word' id='word_1_78' title='bbox 415 1109 457 1138; x_wconf 85' lang='lat' dir='ltr'>de</span> <span class='ocrx_word' id='word_1_79' title='bbox 483 1109 625 1139; x_wconf 84' lang='lat' dir='ltr'>Donatis</span> <span class='ocrx_word' id='word_1_80' title='bbox 650 1108 792 1140; x_wconf 86' lang='lat' dir='ltr'>aliorum</span> <span class='ocrx_word' id='word_1_81' title='bbox 817 1111 994 1152; x_wconf 73' lang='lat' dir='ltr'>sexaginta</span> <span class='ocrx_word' id='word_1_82' title='bbox 1018 1113 1124 1153; x_wconf 88' lang='lat' dir='ltr'>partis</span> <span class='ocrx_word' id='word_1_83' title='bbox 1137 1113 1254 1152; x_wconf 83' lang='lat' dir='ltr'>rubee,</span> 
     </span>
     <span class='ocr_line' id='line_1_16' title="bbox 414 1162 1253 1204; baseline 0.008 -13"><span class='ocrx_word' id='word_1_84' title='bbox 414 1171 476 1201; x_wconf 79' lang='lat' dir='ltr'>per</span> <span class='ocrx_word' id='word_1_85' title='bbox 499 1162 583 1192; x_wconf 87' lang='lat' dir='ltr'>duas</span> <span class='ocrx_word' id='word_1_86' title='bbox 599 1162 712 1198; x_wconf 82' lang='lat' dir='ltr'>horas,</span> <span class='ocrx_word' id='word_1_87' title='bbox 731 1164 862 1194; x_wconf 88' lang='lat' dir='ltr'>cunctis</span> <span class='ocrx_word' id='word_1_88' title='bbox 885 1165 1120 1204; x_wconf 79' lang='lat' dir='ltr'>spectantibus</span> <span class='ocrx_word' id='word_1_89' title='bbox 1136 1168 1253 1198; x_wconf 85' lang='lat' dir='ltr'>militi-</span> 
     </span>
     <span class='ocr_line' id='line_1_17' title="bbox 414 1214 1254 1255; baseline 0.01 -12"><span class='ocrx_word' id='word_1_90' title='bbox 414 1214 477 1244; x_wconf 85' lang='lat' dir='ltr'>bus</span> <span class='ocrx_word' id='word_1_91' title='bbox 503 1220 535 1245; x_wconf 91' lang='lat' dir='ltr'>et</span> <span class='ocrx_word' id='word_1_92' title='bbox 560 1215 773 1255; x_wconf 84' lang='lat' dir='ltr'>dominabus,</span> <span class='ocrx_word' id='word_1_93' title='bbox 791 1216 904 1248; x_wconf 82' lang='lat' dir='ltr'>extitit</span> <span class='ocrx_word' id='word_1_94' title='bbox 922 1223 1123 1250; x_wconf 88' lang='lat' dir='ltr'>torneatum.</span> <span class='ocrx_word' id='word_1_95' title='bbox 1148 1219 1254 1251; x_wconf 87' lang='lat' dir='ltr'>Cuius</span> 
     </span>
     <span class='ocr_line' id='line_1_18' title="bbox 412 1267 1254 1305; baseline 0.011 -9"><span class='ocrx_word' id='word_1_96' title='bbox 412 1267 551 1298; x_wconf 86' lang='lat' dir='ltr'>tornerii</span> <span class='ocrx_word' id='word_1_97' title='bbox 575 1268 648 1298; x_wconf 91' lang='lat' dir='ltr'>laus</span> <span class='ocrx_word' id='word_1_98' title='bbox 672 1274 704 1298; x_wconf 68' lang='lat' dir='ltr'>et</span> <span class='ocrx_word' id='word_1_99' title='bbox 723 1269 921 1304; x_wconf 83' lang='lat' dir='ltr'>preconium</span> <span class='ocrx_word' id='word_1_100' title='bbox 939 1271 1103 1302; x_wconf 83' lang='lat' dir='ltr'>militibus</span> <span class='ocrx_word' id='word_1_101' title='bbox 1120 1272 1254 1305; x_wconf 92' lang='lat' dir='ltr'>duobus</span> 
     </span>
     <span class='ocr_line' id='line_1_19' title="bbox 413 1320 1253 1361; baseline 0.008 -11"><span class='ocrx_word' id='word_1_102' title='bbox 413 1320 541 1351; x_wconf 70' lang='lat' dir='ltr'>tradita</span> <span class='ocrx_word' id='word_1_103' title='bbox 565 1326 658 1351; x_wconf 84' lang='lat' dir='ltr'>sunt:</span> <span class='ocrx_word' id='word_1_104' title='bbox 684 1321 796 1361; x_wconf 90' lang='lat' dir='ltr'>primo</span> <span class='ocrx_word' id='word_1_105' title='bbox 822 1322 913 1353; x_wconf 83' lang='lat' dir='ltr'>ensis</span> <span class='ocrx_word' id='word_1_106' title='bbox 929 1333 1005 1354; x_wconf 86' lang='lat' dir='ltr'>cum</span> <span class='ocrx_word' id='word_1_107' title='bbox 1023 1325 1159 1357; x_wconf 84' lang='lat' dir='ltr'>militari</span> <span class='ocrx_word' id='word_1_108' title='bbox 1182 1326 1253 1357; x_wconf 84' lang='lat' dir='ltr'>bal-</span> 
     </span>
     <span class='ocr_line' id='line_1_20' title="bbox 413 1372 1253 1411; baseline 0.011 -9"><span class='ocrx_word' id='word_1_109' title='bbox 413 1372 495 1403; x_wconf 73' lang='lat' dir='ltr'>theo</span> <span class='ocrx_word' id='word_1_110' title='bbox 512 1373 629 1404; x_wconf 88' lang='lat' dir='ltr'>italico</span> <span class='ocrx_word' id='word_1_111' title='bbox 648 1374 705 1404; x_wconf 89' lang='lat' dir='ltr'>nni</span> <span class='ocrx_word' id='word_1_112' title='bbox 723 1374 861 1405; x_wconf 88' lang='lat' dir='ltr'>domino</span> <span class='ocrx_word' id='word_1_113' title='bbox 886 1375 1045 1408; x_wconf 87' lang='lat' dir='ltr'>Luchino</span> <span class='ocrx_word' id='word_1_114' title='bbox 1071 1379 1113 1409; x_wconf 82' lang='lat' dir='ltr'>de</span> <span class='ocrx_word' id='word_1_115' title='bbox 1138 1380 1253 1411; x_wconf 84' lang='lat' dir='ltr'>Mara-</span> 
     </span>
     <span class='ocr_line' id='line_1_21' title="bbox 413 1427 1253 1474; baseline 0.012 -19"><span class='ocrx_word' id='word_1_116' title='bbox 413 1436 468 1462; x_wconf 87' lang='lat' dir='ltr'>no,</span> <span class='ocrx_word' id='word_1_117' title='bbox 482 1427 719 1458; x_wconf 80' lang='lat' dir='ltr'>marchionum</span> <span class='ocrx_word' id='word_1_118' title='bbox 735 1428 918 1459; x_wconf 86' lang='lat' dir='ltr'>estensium</span> <span class='ocrx_word' id='word_1_119' title='bbox 936 1429 1110 1471; x_wconf 79' lang='lat' dir='ltr'>donativo,</span> <span class='ocrx_word' id='word_1_120' title='bbox 1124 1433 1253 1474; x_wconf 84' lang='lat' dir='ltr'>quique</span> 
     </span>
     <span class='ocr_line' id='line_1_22' title="bbox 412 1478 1252 1521; baseline 0.011 -12"><span class='ocrx_word' id='word_1_121' title='bbox 412 1488 487 1509; x_wconf 89' lang='lat' dir='ltr'>cum</span> <span class='ocrx_word' id='word_1_122' title='bbox 512 1478 645 1510; x_wconf 82' lang='lat' dir='ltr'>duobus</span> <span class='ocrx_word' id='word_1_123' title='bbox 669 1489 711 1510; x_wconf 80' lang='lat' dir='ltr'>ex</span> <span class='ocrx_word' id='word_1_124' title='bbox 735 1481 1000 1521; x_wconf 80' lang='lat' dir='ltr'>marchionibus,</span> <span class='ocrx_word' id='word_1_125' title='bbox 1017 1484 1131 1516; x_wconf 79' lang='lat' dir='ltr'>silicet</span> <span class='ocrx_word' id='word_1_126' title='bbox 1147 1486 1252 1518; x_wconf 82' lang='lat' dir='ltr'>Nico-</span> 
     </span>
     <span class='ocr_line' id='line_1_23' title="bbox 412 1531 1254 1575; baseline 0.007 -13"><span class='ocrx_word' id='word_1_127' title='bbox 412 1531 465 1562; x_wconf 83' lang='lat' dir='ltr'>luo</span> <span class='ocrx_word' id='word_1_128' title='bbox 491 1538 525 1563; x_wconf 86' lang='lat' dir='ltr'>et</span> <span class='ocrx_word' id='word_1_129' title='bbox 550 1531 684 1575; x_wconf 80' lang='lat' dir='ltr'>Ugone,</span> <span class='ocrx_word' id='word_1_130' title='bbox 710 1534 753 1564; x_wconf 84' lang='lat' dir='ltr'>ad</span> <span class='ocrx_word' id='word_1_131' title='bbox 778 1540 972 1574; x_wconf 73' lang='lat' dir='ltr'>presentem</span> <span class='ocrx_word' id='word_1_132' title='bbox 997 1543 1141 1567; x_wconf 85' lang='lat' dir='ltr'>venerat</span> <span class='ocrx_word' id='word_1_133' title='bbox 1159 1537 1254 1568; x_wconf 75' lang='lat' dir='ltr'>festi-</span> 
     </span>
     <span class='ocr_line' id='line_1_24' title="bbox 410 1585 1252 1632; baseline 0.008 -18"><span class='ocrx_word' id='word_1_134' title='bbox 410 1585 564 1619; x_wconf 85' lang='lat' dir='ltr'>vitatem;</span> <span class='ocrx_word' id='word_1_135' title='bbox 603 1585 730 1617; x_wconf 81' lang='lat' dir='ltr'>deinde</span> <span class='ocrx_word' id='word_1_136' title='bbox 764 1598 806 1617; x_wconf 85' lang='lat' dir='ltr'>ex</span> <span class='ocrx_word' id='word_1_137' title='bbox 837 1586 1030 1619; x_wconf 78' lang='lat' dir='ltr'>Saxonibus</span> <span class='ocrx_word' id='word_1_138' title='bbox 1064 1590 1122 1620; x_wconf 87' lang='lat' dir='ltr'>uui</span> <span class='ocrx_word' id='word_1_139' title='bbox 1154 1591 1252 1632; x_wconf 81' lang='lat' dir='ltr'>galea</span> 
     </span>
     <span class='ocr_line' id='line_1_25' title="bbox 411 1640 1251 1674; baseline 0.007 -7"><span class='ocrx_word' id='word_1_140' title='bbox 411 1648 487 1668; x_wconf 83' lang='lat' dir='ltr'>cum</span> <span class='ocrx_word' id='word_1_141' title='bbox 506 1648 633 1668; x_wconf 83' lang='lat' dir='ltr'>corona</span> <span class='ocrx_word' id='word_1_142' title='bbox 651 1649 754 1669; x_wconf 77' lang='lat' dir='ltr'>aurea</span> <span class='ocrx_word' id='word_1_143' title='bbox 772 1640 852 1670; x_wconf 82' lang='lat' dir='ltr'>data</span> <span class='ocrx_word' id='word_1_144' title='bbox 869 1647 928 1671; x_wconf 82' lang='lat' dir='ltr'>est.</span> <span class='ocrx_word' id='word_1_145' title='bbox 954 1641 1017 1672; x_wconf 86' lang='lat' dir='ltr'>Die</span> <span class='ocrx_word' id='word_1_146' title='bbox 1037 1649 1147 1672; x_wconf 86' lang='lat' dir='ltr'>autem</span> <span class='ocrx_word' id='word_1_147' title='bbox 1167 1655 1251 1674; x_wconf 54' lang='lat' dir='ltr'>tter-</span> 
     </span>
     <span class='ocr_line' id='line_1_26' title="bbox 411 1691 1251 1735; baseline 0.008 -15"><span class='ocrx_word' id='word_1_148' title='bbox 411 1691 499 1721; x_wconf 86' lang='lat' dir='ltr'>curii</span> <span class='ocrx_word' id='word_1_149' title='bbox 524 1692 650 1722; x_wconf 79' lang='lat' dir='ltr'>mensis</span> <span class='ocrx_word' id='word_1_150' title='bbox 675 1692 821 1733; x_wconf 88' lang='lat' dir='ltr'>predicti</span> <span class='ocrx_word' id='word_1_151' title='bbox 850 1702 932 1729; x_wconf 79' lang='lat' dir='ltr'>xxx,</span> <span class='ocrx_word' id='word_1_152' title='bbox 957 1694 1096 1735; x_wconf 76' lang='lat' dir='ltr'>grandis</span> <span class='ocrx_word' id='word_1_153' title='bbox 1109 1701 1142 1727; x_wconf 90' lang='lat' dir='ltr'>et</span> <span class='ocrx_word' id='word_1_154' title='bbox 1160 1697 1251 1728; x_wconf 80' lang='lat' dir='ltr'>cele-</span> 
     </span>
     <span class='ocr_line' id='line_1_27' title="bbox 411 1743 1250 1789; baseline 0.007 -15"><span class='ocrx_word' id='word_1_155' title='bbox 411 1743 481 1774; x_wconf 87' lang='lat' dir='ltr'>bris</span> <span class='ocrx_word' id='word_1_156' title='bbox 504 1744 597 1774; x_wconf 80' lang='lat' dir='ltr'>facta</span> <span class='ocrx_word' id='word_1_157' title='bbox 622 1751 671 1775; x_wconf 85' lang='lat' dir='ltr'>est</span> <span class='ocrx_word' id='word_1_158' title='bbox 696 1745 809 1781; x_wconf 82' lang='lat' dir='ltr'>iostra‚</span> <span class='ocrx_word' id='word_1_159' title='bbox 823 1747 868 1777; x_wconf 87' lang='lat' dir='ltr'>ad</span> <span class='ocrx_word' id='word_1_160' title='bbox 894 1747 991 1777; x_wconf 91' lang='lat' dir='ltr'>cuius</span> <span class='ocrx_word' id='word_1_161' title='bbox 1013 1750 1250 1789; x_wconf 82' lang='lat' dir='ltr'>spectaculum</span> 
     </span>
     <span class='ocr_line' id='line_1_28' title="bbox 411 1797 1250 1834; baseline 0.008 -7"><span class='ocrx_word' id='word_1_162' title='bbox 411 1797 532 1827; x_wconf 81' lang='lat' dir='ltr'>civitas</span> <span class='ocrx_word' id='word_1_163' title='bbox 549 1803 620 1827; x_wconf 78' lang='lat' dir='ltr'>tota</span> <span class='ocrx_word' id='word_1_164' title='bbox 637 1797 826 1829; x_wconf 80' lang='lat' dir='ltr'>indiscrete</span> <span class='ocrx_word' id='word_1_165' title='bbox 844 1800 1020 1832; x_wconf 78' lang='lat' dir='ltr'>confluxit,</span> <span class='ocrx_word' id='word_1_166' title='bbox 1055 1802 1119 1832; x_wconf 76' lang='lat' dir='ltr'>Die.</span> <span class='ocrx_word' id='word_1_167' title='bbox 1137 1809 1250 1834; x_wconf 80' lang='lat' dir='ltr'>autem</span> 
     </span>
     <span class='ocr_line' id='line_1_29' title="bbox 410 1849 1250 1888; baseline 0.012 -10"><span class='ocrx_word' id='word_1_168' title='bbox 410 1849 498 1881; x_wconf 77' lang='lat' dir='ltr'>iovis</span> <span class='ocrx_word' id='word_1_169' title='bbox 530 1850 655 1881; x_wconf 85' lang='lat' dir='ltr'>mensis</span> <span class='ocrx_word' id='word_1_170' title='bbox 687 1852 816 1885; x_wconf 76' lang='lat' dir='ltr'>ultima,</span> <span class='ocrx_word' id='word_1_171' title='bbox 842 1853 906 1884; x_wconf 83' lang='lat' dir='ltr'>hec</span> <span class='ocrx_word' id='word_1_172' title='bbox 939 1853 1081 1885; x_wconf 83' lang='lat' dir='ltr'>illustris</span> <span class='ocrx_word' id='word_1_173' title='bbox 1113 1856 1250 1888; x_wconf 86' lang='lat' dir='ltr'>ducissa</span> 
     </span>
     <span class='ocr_line' id='line_1_30' title="bbox 409 1904 1250 1950; baseline 0.01 -18"><span class='ocrx_word' id='word_1_174' title='bbox 409 1912 511 1943; x_wconf 91' lang='lat' dir='ltr'>super</span> <span class='ocrx_word' id='word_1_175' title='bbox 543 1904 690 1944; x_wconf 89' lang='lat' dir='ltr'>quodam</span> <span class='ocrx_word' id='word_1_176' title='bbox 719 1905 844 1936; x_wconf 75' lang='lat' dir='ltr'>eximio</span> <span class='ocrx_word' id='word_1_177' title='bbox 877 1906 1050 1938; x_wconf 76' lang='lat' dir='ltr'>dextrario</span> <span class='ocrx_word' id='word_1_178' title='bbox 1082 1909 1250 1950; x_wconf 85' lang='lat' dir='ltr'>adoperto</span> 
     </span>
     <span class='ocr_line' id='line_1_31' title="bbox 409 1955 1250 1999; baseline 0.011 -14"><span class='ocrx_word' id='word_1_179' title='bbox 409 1955 510 1987; x_wconf 77' lang='lat' dir='ltr'>sirico</span> <span class='ocrx_word' id='word_1_180' title='bbox 542 1966 666 1996; x_wconf 82' lang='lat' dir='ltr'>pannO,</span> <span class='ocrx_word' id='word_1_181' title='bbox 700 1957 901 1999; x_wconf 84' lang='lat' dir='ltr'>catabriato,</span> <span class='ocrx_word' id='word_1_182' title='bbox 933 1970 1016 1990; x_wconf 85' lang='lat' dir='ltr'>auro</span> <span class='ocrx_word' id='word_1_183' title='bbox 1051 1961 1185 1993; x_wconf 80' lang='lat' dir='ltr'>intexto</span> <span class='ocrx_word' id='word_1_184' title='bbox 1216 1969 1250 1994; x_wconf 89' lang='lat' dir='ltr'>et</span> 
     </span>
     <span class='ocr_line' id='line_1_32' title="bbox 410 2008 1250 2051; baseline 0.012 -14"><span class='ocrx_word' id='word_1_185' title='bbox 410 2008 511 2039; x_wconf 80' lang='lat' dir='ltr'>variis</span> <span class='ocrx_word' id='word_1_186' title='bbox 533 2009 686 2045; x_wconf 78' lang='lat' dir='ltr'>suffulto,</span> <span class='ocrx_word' id='word_1_187' title='bbox 714 2011 866 2042; x_wconf 83' lang='lat' dir='ltr'>femineo</span> <span class='ocrx_word' id='word_1_188' title='bbox 891 2022 985 2042; x_wconf 83' lang='lat' dir='ltr'>more</span> <span class='ocrx_word' id='word_1_189' title='bbox 1010 2013 1174 2051; x_wconf 77' lang='lat' dir='ltr'>insidens,</span> <span class='ocrx_word' id='word_1_190' title='bbox 1198 2016 1250 2046; x_wconf 88' lang='lat' dir='ltr'>in-</span> 
     </span>
     <span class='ocr_line' id='line_1_33' title="bbox 410 2062 1248 2105; baseline 0.01 -14"><span class='ocrx_word' id='word_1_191' title='bbox 410 2062 512 2092; x_wconf 86' lang='lat' dir='ltr'>ducta</span> <span class='ocrx_word' id='word_1_192' title='bbox 536 2068 698 2103; x_wconf 88' lang='lat' dir='ltr'>quantum</span> <span class='ocrx_word' id='word_1_193' title='bbox 731 2064 917 2105; x_wconf 70' lang='lat' dir='ltr'>magnifice</span> <span class='ocrx_word' id='word_1_194' title='bbox 950 2066 1151 2099; x_wconf 77' lang='lat' dir='ltr'>theotonico</span> <span class='ocrx_word' id='word_1_195' title='bbox 1182 2069 1248 2099; x_wconf 92' lang='lat' dir='ltr'>ritu</span> 
     </span>
     <span class='ocr_line' id='line_1_34' title="bbox 410 2115 1249 2158; baseline 0.01 -14"><span class='ocrx_word' id='word_1_196' title='bbox 410 2115 634 2154; x_wconf 81' lang='lat' dir='ltr'>permictitur,</span> <span class='ocrx_word' id='word_1_197' title='bbox 651 2126 754 2156; x_wconf 87' lang='lat' dir='ltr'>super</span> <span class='ocrx_word' id='word_1_198' title='bbox 770 2124 950 2158; x_wconf 79' lang='lat' dir='ltr'>caputeurn</span> <span class='ocrx_word' id='word_1_199' title='bbox 971 2127 1145 2155; x_wconf 74' lang='lat' dir='ltr'>coronata,</span> <span class='ocrx_word' id='word_1_200' title='bbox 1162 2122 1249 2152; x_wconf 88' lang='lat' dir='ltr'>mili-</span> 
     </span>
     <span class='ocr_line' id='line_1_35' title="bbox 410 2167 1248 2211; baseline 0.01 -13"><span class='ocrx_word' id='word_1_201' title='bbox 410 2167 498 2198; x_wconf 83' lang='lat' dir='ltr'>tibus</span> <span class='ocrx_word' id='word_1_202' title='bbox 521 2174 600 2199; x_wconf 89' lang='lat' dir='ltr'>octo</span> <span class='ocrx_word' id='word_1_203' title='bbox 625 2179 740 2208; x_wconf 84' lang='lat' dir='ltr'>panno</span> <span class='ocrx_word' id='word_1_204' title='bbox 764 2170 863 2200; x_wconf 86' lang='lat' dir='ltr'>simili</span> <span class='ocrx_word' id='word_1_205' title='bbox 887 2178 1090 2211; x_wconf 78' lang='lat' dir='ltr'>cooperture</span> <span class='ocrx_word' id='word_1_206' title='bbox 1108 2173 1248 2211; x_wconf 83' lang='lat' dir='ltr'>indutis,</span> 
     </span>
     <span class='ocr_line' id='line_1_36' title="bbox 408 2221 1247 2266; baseline 0.007 -15"><span class='ocrx_word' id='word_1_207' title='bbox 408 2222 527 2261; x_wconf 86' lang='lat' dir='ltr'>pedes,</span> <span class='ocrx_word' id='word_1_208' title='bbox 541 2221 741 2257; x_wconf 84' lang='lat' dir='ltr'>umbrelam,</span> <span class='ocrx_word' id='word_1_209' title='bbox 759 2222 819 2253; x_wconf 84' lang='lat' dir='ltr'>sub</span> <span class='ocrx_word' id='word_1_210' title='bbox 834 2234 900 2264; x_wconf 88' lang='lat' dir='ltr'>qua</span> <span class='ocrx_word' id='word_1_211' title='bbox 913 2235 1020 2266; x_wconf 80' lang='lat' dir='ltr'>equus</span> <span class='ocrx_word' id='word_1_212' title='bbox 1033 2232 1115 2263; x_wconf 79' lang='lat' dir='ltr'>erat,</span> <span class='ocrx_word' id='word_1_213' title='bbox 1130 2233 1247 2257; x_wconf 75' lang='lat' dir='ltr'>tenon-</span> 
     </span>
     <span class='ocr_line' id='line_1_37' title="bbox 408 2275 1248 2315; baseline 0.007 -11"><span class='ocrx_word' id='word_1_214' title='bbox 408 2275 507 2308; x_wconf 80' lang='lat' dir='ltr'>tibus.</span> <span class='ocrx_word' id='word_1_215' title='bbox 535 2286 552 2305; x_wconf 80' lang='lat' dir='ltr'>a</span> <span class='ocrx_word' id='word_1_216' title='bbox 575 2276 681 2315; x_wconf 81' lang='lat' dir='ltr'>patris</span> <span class='ocrx_word' id='word_1_217' title='bbox 705 2276 800 2306; x_wconf 80' lang='lat' dir='ltr'>curia</span> <span class='ocrx_word' id='word_1_218' title='bbox 825 2277 1051 2314; x_wconf 80' lang='lat' dir='ltr'>descendens,</span> <span class='ocrx_word' id='word_1_219' title='bbox 1076 2279 1248 2310; x_wconf 83' lang='lat' dir='ltr'>nobilibus</span> 
     </span>
     <span class='ocr_line' id='line_1_38' title="bbox 408 2328 1247 2371; baseline 0.007 -14"><span class='ocrx_word' id='word_1_220' title='bbox 408 2328 521 2358; x_wconf 88' lang='lat' dir='ltr'>multis</span> <span class='ocrx_word' id='word_1_221' title='bbox 533 2328 734 2359; x_wconf 80' lang='lat' dir='ltr'>dominabus</span> <span class='ocrx_word' id='word_1_222' title='bbox 750 2330 878 2360; x_wconf 76' lang='lat' dir='ltr'>sociata</span> <span class='ocrx_word' id='word_1_223' title='bbox 895 2331 991 2371; x_wconf 83' lang='lat' dir='ltr'>cquis</span> <span class='ocrx_word' id='word_1_224' title='bbox 1007 2331 1247 2369; x_wconf 75' lang='lat' dir='ltr'>insidentibus,</span> 
     </span>
     <span class='ocr_line' id='line_1_39' title="bbox 407 2381 1248 2421; baseline 0.007 -11"><span class='ocrx_word' id='word_1_225' title='bbox 407 2387 574 2421; x_wconf 73' lang='lat' dir='ltr'>patreque</span> <span class='ocrx_word' id='word_1_226' title='bbox 613 2381 714 2411; x_wconf 79' lang='lat' dir='ltr'>etiam</span> <span class='ocrx_word' id='word_1_227' title='bbox 752 2392 828 2412; x_wconf 90' lang='lat' dir='ltr'>cum</span> <span class='ocrx_word' id='word_1_228' title='bbox 866 2384 1118 2415; x_wconf 73' lang='lat' dir='ltr'>marchionibus</span> <span class='ocrx_word' id='word_1_229' title='bbox 1152 2393 1248 2416; x_wconf 85' lang='lat' dir='ltr'>ame-</span> 
     </span>
     <span class='ocr_line' id='line_1_40' title="bbox 408 2434 1248 2477; baseline 0.007 -14"><span class='ocrx_word' id='word_1_230' title='bbox 408 2434 512 2464; x_wconf 87' lang='lat' dir='ltr'>(lictis</span> <span class='ocrx_word' id='word_1_231' title='bbox 535 2434 712 2475; x_wconf 86' lang='lat' dir='ltr'>ceterique</span> <span class='ocrx_word' id='word_1_232' title='bbox 730 2434 900 2466; x_wconf 87' lang='lat' dir='ltr'>nobilibus</span> <span class='ocrx_word' id='word_1_233' title='bbox 921 2437 1040 2477; x_wconf 79' lang='lat' dir='ltr'>patriis</span> <span class='ocrx_word' id='word_1_234' title='bbox 1057 2444 1091 2468; x_wconf 89' lang='lat' dir='ltr'>et</span> <span class='ocrx_word' id='word_1_235' title='bbox 1107 2438 1248 2469; x_wconf 79' lang='lat' dir='ltr'>advenis</span> 
     </span>
     <span class='ocr_line' id='line_1_41' title="bbox 408 2486 1246 2531; baseline 0.008 -16"><span class='ocrx_word' id='word_1_236' title='bbox 408 2486 514 2526; x_wconf 80' lang='lat' dir='ltr'>ipsam</span> <span class='ocrx_word' id='word_1_237' title='bbox 555 2487 811 2524; x_wconf 78' lang='lat' dir='ltr'>comitantibus,</span> <span class='ocrx_word' id='word_1_238' title='bbox 839 2495 972 2528; x_wconf 85' lang='lat' dir='ltr'>portam</span> <span class='ocrx_word' id='word_1_239' title='bbox 1009 2500 1147 2531; x_wconf 80' lang='lat' dir='ltr'>egressa</span> <span class='ocrx_word' id='word_1_240' title='bbox 1187 2498 1246 2522; x_wconf 88' lang='lat' dir='ltr'>est.</span> 
     </span>
     <span class='ocr_line' id='line_1_42' title="bbox 408 2538 1246 2575; baseline 0.007 -7"><span class='ocrx_word' id='word_1_241' title='bbox 408 2538 522 2574; x_wconf 85' lang='lat' dir='ltr'>Quam</span> <span class='ocrx_word' id='word_1_242' title='bbox 547 2546 653 2570; x_wconf 78' lang='lat' dir='ltr'>mater</span> <span class='ocrx_word' id='word_1_243' title='bbox 679 2541 789 2571; x_wconf 85' lang='lat' dir='ltr'>visura</span> <span class='ocrx_word' id='word_1_244' title='bbox 808 2552 882 2572; x_wconf 88' lang='lat' dir='ltr'>cum</span> <span class='ocrx_word' id='word_1_245' title='bbox 901 2542 1082 2574; x_wconf 80' lang='lat' dir='ltr'>multarum</span> <span class='ocrx_word' id='word_1_246' title='bbox 1108 2553 1246 2575; x_wconf 85' lang='lat' dir='ltr'>consor-</span> 
     </span>
     <span class='ocr_line' id='line_1_43' title="bbox 406 2592 1247 2634; baseline 0.006 -12"><span class='ocrx_word' id='word_1_247' title='bbox 406 2592 461 2622; x_wconf 87' lang='lat' dir='ltr'>cio</span> <span class='ocrx_word' id='word_1_248' title='bbox 486 2592 699 2623; x_wconf 78' lang='lat' dir='ltr'>dominarum</span> <span class='ocrx_word' id='word_1_249' title='bbox 723 2593 757 2623; x_wconf 89' lang='lat' dir='ltr'>in</span> <span class='ocrx_word' id='word_1_250' title='bbox 776 2595 1011 2634; x_wconf 79' lang='lat' dir='ltr'>specularibus</span> <span class='ocrx_word' id='word_1_251' title='bbox 1035 2597 1247 2628; x_wconf 85' lang='lat' dir='ltr'>descendens</span> 
     </span>
     <span class='ocr_line' id='line_1_44' title="bbox 406 2644 1246 2690; baseline 0.007 -16"><span class='ocrx_word' id='word_1_252' title='bbox 406 2644 540 2686; x_wconf 77' lang='lat' dir='ltr'>ligneis,</span> <span class='ocrx_word' id='word_1_253' title='bbox 556 2655 670 2676; x_wconf 83' lang='lat' dir='ltr'>versus</span> <span class='ocrx_word' id='word_1_254' title='bbox 683 2656 841 2686; x_wconf 77' lang='lat' dir='ltr'>sponsam</span> <span class='ocrx_word' id='word_1_255' title='bbox 860 2649 977 2679; x_wconf 86' lang='lat' dir='ltr'>oculos</span> <span class='ocrx_word' id='word_1_256' title='bbox 998 2649 1160 2690; x_wconf 71' lang='lat' dir='ltr'>dirigens,</span> <span class='ocrx_word' id='word_1_257' title='bbox 1178 2660 1246 2690; x_wconf 92' lang='lat' dir='ltr'>quo</span> 
     </span>
     <span class='ocr_line' id='line_1_45' title="bbox 406 2697 1245 2743; baseline 0.01 -17"><span class='ocrx_word' id='word_1_258' title='bbox 406 2697 513 2738; x_wconf 79' lang='lat' dir='ltr'>magis</span> <span class='ocrx_word' id='word_1_259' title='bbox 530 2698 640 2737; x_wconf 89' lang='lat' dir='ltr'>potuit</span> <span class='ocrx_word' id='word_1_260' title='bbox 657 2699 764 2739; x_wconf 78' lang='lat' dir='ltr'>ipsam</span> <span class='ocrx_word' id='word_1_261' title='bbox 782 2706 832 2731; x_wconf 87' lang='lat' dir='ltr'>est</span> <span class='ocrx_word' id='word_1_262' title='bbox 849 2701 1034 2732; x_wconf 90' lang='lat' dir='ltr'>luminibus</span> <span class='ocrx_word' id='word_1_263' title='bbox 1051 2709 1245 2743; x_wconf 84' lang='lat' dir='ltr'>prosecuta.</span> 
     </span>
     <span class='ocr_line' id='line_1_46' title="bbox 405 2749 1245 2797; baseline 0.01 -18"><span class='ocrx_word' id='word_1_264' title='bbox 405 2749 546 2780; x_wconf 85' lang='lat' dir='ltr'>Portam</span> <span class='ocrx_word' id='word_1_265' title='bbox 574 2756 685 2782; x_wconf 89' lang='lat' dir='ltr'>autem</span> <span class='ocrx_word' id='word_1_266' title='bbox 711 2752 891 2785; x_wconf 81' lang='lat' dir='ltr'>Trinitatis</span> <span class='ocrx_word' id='word_1_267' title='bbox 915 2765 1065 2796; x_wconf 75' lang='lat' dir='ltr'>egressa,</span> <span class='ocrx_word' id='word_1_268' title='bbox 1090 2755 1131 2786; x_wconf 84' lang='lat' dir='ltr'>ab</span> <span class='ocrx_word' id='word_1_269' title='bbox 1157 2766 1245 2797; x_wconf 84' lang='lat' dir='ltr'>equo</span> 
     </span>
     <span class='ocr_line' id='line_1_47' title="bbox 406 2803 1244 2851; baseline 0.008 -18"><span class='ocrx_word' id='word_1_270' title='bbox 406 2803 588 2834; x_wconf 84' lang='lat' dir='ltr'>descendit</span> <span class='ocrx_word' id='word_1_271' title='bbox 611 2804 643 2834; x_wconf 90' lang='lat' dir='ltr'>in</span> <span class='ocrx_word' id='word_1_272' title='bbox 669 2804 771 2835; x_wconf 88' lang='lat' dir='ltr'>domo</span> <span class='ocrx_word' id='word_1_273' title='bbox 796 2807 942 2846; x_wconf 86' lang='lat' dir='ltr'>quadam</span> <span class='ocrx_word' id='word_1_274' title='bbox 976 2807 1107 2849; x_wconf 76' lang='lat' dir='ltr'>egregii</span> <span class='ocrx_word' id='word_1_275' title='bbox 1132 2808 1244 2851; x_wconf 85' lang='lat' dir='ltr'>legum</span> 
     </span>
     <span class='ocr_line' id='line_1_48' title="bbox 407 2856 1243 2893; baseline 0.008 -7"><span class='ocrx_word' id='word_1_276' title='bbox 407 2856 561 2887; x_wconf 86' lang='lat' dir='ltr'>doctoris</span> <span class='ocrx_word' id='word_1_277' title='bbox 585 2856 716 2888; x_wconf 86' lang='lat' dir='ltr'>domini</span> <span class='ocrx_word' id='word_1_278' title='bbox 743 2858 975 2891; x_wconf 74' lang='lat' dir='ltr'>Hartliolomei</span> <span class='ocrx_word' id='word_1_279' title='bbox 1003 2861 1045 2891; x_wconf 86' lang='lat' dir='ltr'>de</span> <span class='ocrx_word' id='word_1_280' title='bbox 1070 2861 1243 2893; x_wconf 84' lang='lat' dir='ltr'>Placenti·</span> 
     </span>
     <span class='ocr_line' id='line_1_49' title="bbox 406 2908 1245 2952; baseline 0.011 -15"><span class='ocrx_word' id='word_1_281' title='bbox 406 2908 467 2945; x_wconf 89' lang='lat' dir='ltr'>nis,</span> <span class='ocrx_word' id='word_1_282' title='bbox 492 2909 598 2949; x_wconf 86' lang='lat' dir='ltr'>ipsius</span> <span class='ocrx_word' id='word_1_283' title='bbox 622 2911 801 2952; x_wconf 77' lang='lat' dir='ltr'>magnifici</span> <span class='ocrx_word' id='word_1_284' title='bbox 826 2911 955 2944; x_wconf 91' lang='lat' dir='ltr'>domini</span> <span class='ocrx_word' id='word_1_285' title='bbox 980 2913 1113 2945; x_wconf 84' lang='lat' dir='ltr'>vicarii.</span> <span class='ocrx_word' id='word_1_286' title='bbox 1144 2914 1245 2946; x_wconf 88' lang='lat' dir='ltr'>Tunc</span> 
     </span>
    </p>
   </div>
   <div class='ocr_carea' id='block_1_4' title="bbox 493 3025 716 3056">
    <p class='ocr_par' dir='ltr' id='par_1_4' title="bbox 493 3025 716 3056">
     <span class='ocr_line' id='line_1_50' title="bbox 493 3025 716 3056; baseline 0.013 -9"><span class='ocrx_word' id='word_1_287' title='bbox 493 3031 534 3056; x_wconf 76' lang='lat'>34.</span> <span class='ocrx_word' id='word_1_288' title='bbox 555 3025 659 3048; x_wconf 81' lang='lat' dir='ltr'>similis</span> <span class='ocrx_word' id='word_1_289' title='bbox 681 3027 716 3050; x_wconf 79' lang='lat' dir='ltr'><em>M</em></span> 
     </span>
    </p>
   </div>
   <div class='ocr_carea' id='block_1_5' title="bbox 1284 514 1293 1799">
    <p class='ocr_par' dir='ltr' id='par_1_5' title="bbox 1284 514 1293 1799">
     <span class='ocr_line' id='line_1_51' title="bbox 1284 514 1293 1799; baseline 0 0"><span class='ocrx_word' id='word_1_290' title='bbox 1284 514 1293 1799; x_wconf 95' lang='lat' dir='ltr'> </span> 
     </span>
    </p>
   </div>
   <div class='ocr_carea' id='block_1_6' title="bbox 1344 633 1361 663">
    <p class='ocr_par' dir='ltr' id='par_1_6' title="bbox 1344 633 1361 663">
     <span class='ocr_line' id='line_1_52' title="bbox 1344 633 1361 663; textangle 90"><span class='ocrx_word' id='word_1_291' title='bbox 1344 633 1361 663; x_wconf 67' lang='grc' dir='ltr'>υἱ</span> 
     </span>
    </p>
   </div>
   <div class='ocr_carea' id='block_1_7' title="bbox 1325 882 1383 930">
    <p class='ocr_par' dir='ltr' id='par_1_7' title="bbox 1325 882 1383 930">
     <span class='ocr_line' id='line_1_53' title="bbox 1325 882 1383 930; baseline 0 0"><span class='ocrx_word' id='word_1_292' title='bbox 1325 882 1383 930; x_wconf 70' lang='grc' dir='ltr'>ω’</span> 
     </span>
    </p>
   </div>
   <div class='ocr_carea' id='block_1_8' title="bbox 1323 1164 1358 1195">
    <p class='ocr_par' dir='ltr' id='par_1_8' title="bbox 1323 1164 1358 1195">
     <span class='ocr_line' id='line_1_54' title="bbox 1323 1164 1358 1195; baseline 0 0"><span class='ocrx_word' id='word_1_293' title='bbox 1323 1164 1358 1195; x_wconf 89' lang='grc'>15</span> 
     </span>
    </p>
   </div>
   <div class='ocr_carea' id='block_1_9' title="bbox 1380 410 1387 1292">
    <p class='ocr_par' dir='ltr' id='par_1_9' title="bbox 1380 410 1387 1292">
     <span class='ocr_line' id='line_1_55' title="bbox 1380 410 1387 1292; baseline 0 0"><span class='ocrx_word' id='word_1_294' title='bbox 1380 410 1387 1292; x_wconf 95' lang='lat' dir='ltr'> </span> 
     </span>
    </p>
   </div>
   <div class='ocr_carea' id='block_1_10' title="bbox 1313 2230 1352 2260">
    <p class='ocr_par' dir='ltr' id='par_1_10' title="bbox 1313 2230 1352 2260">
     <span class='ocr_line' id='line_1_56' title="bbox 1313 2230 1352 2260; baseline 0 0"><span class='ocrx_word' id='word_1_295' title='bbox 1313 2230 1352 2260; x_wconf 84' lang='grc'>35</span> 
     </span>
    </p>
   </div>
   <div class='ocr_carea' id='block_1_11' title="bbox 1313 2496 1352 2525">
    <p class='ocr_par' dir='ltr' id='par_1_11' title="bbox 1313 2496 1352 2525">
     <span class='ocr_line' id='line_1_57' title="bbox 1313 2496 1352 2525; baseline 0 0"><span class='ocrx_word' id='word_1_296' title='bbox 1313 2496 1352 2525; x_wconf 76' lang='grc'>40</span> 
     </span>
    </p>
   </div>
   <div class='ocr_carea' id='block_1_12' title="bbox 1371 1463 1382 3050">
    <p class='ocr_par' dir='ltr' id='par_1_12' title="bbox 1371 1463 1382 3050">
     <span class='ocr_line' id='line_1_58' title="bbox 1371 1463 1382 3050; baseline 0 0"><span class='ocrx_word' id='word_1_297' title='bbox 1371 1463 1382 3050; x_wconf 95' lang='lat' dir='ltr'> </span> 
     </span>
    </p>
   </div>
   <div class='ocr_carea' id='block_1_13' title="bbox 1743 404 1940 435">
    <p class='ocr_par' dir='ltr' id='par_1_13' title="bbox 1743 404 1940 435">
     <span class='ocr_line' id='line_1_59' title="bbox 1743 404 1940 435; baseline 0.005 -1"><span class='ocrx_word' id='word_1_298' title='bbox 1743 404 1884 435; x_wconf 69' lang='grc' dir='ltr'>ΚΕΒΑΖ.</span> <span class='ocrx_word' id='word_1_299' title='bbox 1909 405 1940 435; x_wconf 91' lang='lat' dir='ltr'><em>D</em></span> 
     </span>
    </p>
   </div>
   <div class='ocr_carea' id='block_1_14' title="bbox 1417 474 2259 941">
    <p class='ocr_par' dir='ltr' id='par_1_14' title="bbox 1417 474 2259 941">
     <span class='ocr_line' id='line_1_60' title="bbox 1419 474 2258 519; baseline 0.006 -14"><span class='ocrx_word' id='word_1_300' title='bbox 1419 475 1561 519; x_wconf 66' lang='lat' dir='ltr'>§juanne</span> <span class='ocrx_word' id='word_1_301' title='bbox 1574 484 1592 506; x_wconf 84' lang='lat' dir='ltr'>e</span> <span class='ocrx_word' id='word_1_302' title='bbox 1611 474 1631 505; x_wconf 89' lang='lat'>&#39;1</span> <span class='ocrx_word' id='word_1_303' title='bbox 1649 481 1750 507; x_wconf 85' lang='lat' dir='ltr'>conte</span> <span class='ocrx_word' id='word_1_304' title='bbox 1767 475 1810 506; x_wconf 89' lang='lat' dir='ltr'>de</span> <span class='ocrx_word' id='word_1_305' title='bbox 1824 474 2097 513; x_wconf 83' lang='lat' dir='ltr'>Admersbenen,</span> <span class='ocrx_word' id='word_1_306' title='bbox 2114 483 2258 518; x_wconf 85' lang='lat' dir='ltr'>parente</span> 
     </span>
     <span class='ocr_line' id='line_1_61' title="bbox 1420 528 2257 566; baseline 0.004 -7"><span class='ocrx_word' id='word_1_307' title='bbox 1420 528 1476 559; x_wconf 90' lang='lat' dir='ltr'>del</span> <span class='ocrx_word' id='word_1_308' title='bbox 1501 528 1594 560; x_wconf 93' lang='lat' dir='ltr'>dicto</span> <span class='ocrx_word' id='word_1_309' title='bbox 1619 529 1715 566; x_wconf 82' lang='lat' dir='ltr'>duse,</span> <span class='ocrx_word' id='word_1_310' title='bbox 1739 538 1804 560; x_wconf 89' lang='lat' dir='ltr'>con</span> <span class='ocrx_word' id='word_1_311' title='bbox 1825 539 1871 560; x_wconf 91' lang='lat' dir='ltr'>un</span> <span class='ocrx_word' id='word_1_312' title='bbox 1888 529 1976 560; x_wconf 85' lang='lat' dir='ltr'>altro</span> <span class='ocrx_word' id='word_1_313' title='bbox 1993 535 2096 561; x_wconf 89' lang='lat' dir='ltr'>conte</span> <span class='ocrx_word' id='word_1_314' title='bbox 2114 535 2148 562; x_wconf 87' lang='lat' dir='ltr'>et</span> <span class='ocrx_word' id='word_1_315' title='bbox 2163 531 2257 562; x_wconf 89' lang='lat' dir='ltr'>molti</span> 
     </span>
     <span class='ocr_line' id='line_1_62' title="bbox 1419 580 2258 619; baseline 0.005 -8"><span class='ocrx_word' id='word_1_316' title='bbox 1419 581 1494 612; x_wconf 85' lang='lat' dir='ltr'>altri</span> <span class='ocrx_word' id='word_1_317' title='bbox 1526 581 1633 612; x_wconf 87' lang='lat' dir='ltr'>nobili</span> <span class='ocrx_word' id='word_1_318' title='bbox 1666 587 1701 612; x_wconf 92' lang='lat' dir='ltr'>et</span> <span class='ocrx_word' id='word_1_319' title='bbox 1733 580 1939 619; x_wconf 83' lang='lat' dir='ltr'>Chava1ieri,</span> <span class='ocrx_word' id='word_1_320' title='bbox 1975 587 2010 612; x_wconf 92' lang='lat' dir='ltr'>et</span> <span class='ocrx_word' id='word_1_321' title='bbox 2041 592 2155 614; x_wconf 89' lang='lat' dir='ltr'>venne</span> <span class='ocrx_word' id='word_1_322' title='bbox 2193 593 2258 615; x_wconf 91' lang='lat' dir='ltr'>con</span> 
     </span>
     <span class='ocr_line' id='line_1_63' title="bbox 1418 633 2259 675; baseline 0.004 -11"><span class='ocrx_word' id='word_1_323' title='bbox 1418 633 1498 675; x_wconf 89' lang='lat' dir='ltr'>plen</span> <span class='ocrx_word' id='word_1_324' title='bbox 1522 634 1694 665; x_wconf 88' lang='lat' dir='ltr'>mandato.</span> <span class='ocrx_word' id='word_1_325' title='bbox 1741 634 1785 665; x_wconf 91' lang='lat' dir='ltr'>Et</span> <span class='ocrx_word' id='word_1_326' title='bbox 1807 634 1877 665; x_wconf 80' lang='lat' dir='ltr'>cosi</span> <span class='ocrx_word' id='word_1_327' title='bbox 1908 634 1966 666; x_wconf 87' lang='lat' dir='ltr'>adi</span> <span class='ocrx_word' id='word_1_328' title='bbox 1998 635 2176 666; x_wconf 88' lang='lat' dir='ltr'>vintinove</span> <span class='ocrx_word' id='word_1_329' title='bbox 2201 637 2259 667; x_wconf 90' lang='lat' dir='ltr'>del</span> 
     </span>
     <span class='ocr_line' id='line_1_64' title="bbox 1417 687 2259 731; baseline 0.004 -13"><span class='ocrx_word' id='word_1_330' title='bbox 1417 697 1509 718; x_wconf 89' lang='lat' dir='ltr'>mese</span> <span class='ocrx_word' id='word_1_331' title='bbox 1533 688 1576 718; x_wconf 91' lang='lat' dir='ltr'>de</span> <span class='ocrx_word' id='word_1_332' title='bbox 1601 687 1799 728; x_wconf 78' lang='lat' dir='ltr'>decembre,</span> <span class='ocrx_word' id='word_1_333' title='bbox 1815 688 1849 718; x_wconf 85' lang='lat' dir='ltr'>in</span> <span class='ocrx_word' id='word_1_334' title='bbox 1868 688 1900 718; x_wconf 93' lang='lat' dir='ltr'>lo</span> <span class='ocrx_word' id='word_1_335' title='bbox 1918 688 2039 731; x_wconf 68' lang='lat' dir='ltr'>palaco</span> <span class='ocrx_word' id='word_1_336' title='bbox 2056 687 2113 719; x_wconf 90' lang='lat' dir='ltr'>del</span> <span class='ocrx_word' id='word_1_337' title='bbox 2128 690 2259 731; x_wconf 88' lang='lat' dir='ltr'>magni-</span> 
     </span>
     <span class='ocr_line' id='line_1_65' title="bbox 1418 740 2258 782; baseline 0.002 -11"><span class='ocrx_word' id='word_1_338' title='bbox 1418 740 1482 772; x_wconf 86' lang='lat' dir='ltr'>fico</span> <span class='ocrx_word' id='word_1_339' title='bbox 1503 740 1619 782; x_wconf 79' lang='lat' dir='ltr'>signor</span> <span class='ocrx_word' id='word_1_340' title='bbox 1649 740 1775 772; x_wconf 88' lang='lat' dir='ltr'>mesier</span> <span class='ocrx_word' id='word_1_341' title='bbox 1806 742 2004 772; x_wconf 87' lang='lat' dir='ltr'>Francesco</span> <span class='ocrx_word' id='word_1_342' title='bbox 2032 741 2076 772; x_wconf 90' lang='lat' dir='ltr'>da</span> <span class='ocrx_word' id='word_1_343' title='bbox 2100 741 2258 779; x_wconf 84' lang='lat' dir='ltr'>Carrara,</span> 
     </span>
     <span class='ocr_line' id='line_1_66' title="bbox 1418 793 2259 836; baseline 0.001 -11"><span class='ocrx_word' id='word_1_344' title='bbox 1418 793 1448 825; x_wconf 92' lang='lat' dir='ltr'>o’</span> <span class='ocrx_word' id='word_1_345' title='bbox 1472 803 1529 825; x_wconf 84' lang='lat' dir='ltr'>era</span> <span class='ocrx_word' id='word_1_346' title='bbox 1553 803 1638 836; x_wconf 86' lang='lat' dir='ltr'>gran</span> <span class='ocrx_word' id='word_1_347' title='bbox 1661 803 1802 825; x_wconf 89' lang='lat' dir='ltr'>numero</span> <span class='ocrx_word' id='word_1_348' title='bbox 1827 794 1871 824; x_wconf 91' lang='lat' dir='ltr'>de</span> <span class='ocrx_word' id='word_1_349' title='bbox 1903 793 2018 824; x_wconf 90' lang='lat' dir='ltr'>donne</span> <span class='ocrx_word' id='word_1_350' title='bbox 2053 799 2086 825; x_wconf 86' lang='lat' dir='ltr'>et</span> <span class='ocrx_word' id='word_1_351' title='bbox 2110 793 2153 826; x_wconf 92' lang='lat' dir='ltr'>de</span> <span class='ocrx_word' id='word_1_352' title='bbox 2177 795 2259 826; x_wconf 87' lang='lat' dir='ltr'>cha-</span> 
     </span>
     <span class='ocr_line' id='line_1_67' title="bbox 1418 846 2259 887; baseline 0.002 -11"><span class='ocrx_word' id='word_1_353' title='bbox 1418 847 1536 878; x_wconf 86' lang='lat' dir='ltr'>valieri</span> <span class='ocrx_word' id='word_1_354' title='bbox 1560 854 1593 878; x_wconf 79' lang='lat' dir='ltr'>et</span> <span class='ocrx_word' id='word_1_355' title='bbox 1618 847 1662 878; x_wconf 92' lang='lat' dir='ltr'>de</span> <span class='ocrx_word' id='word_1_356' title='bbox 1687 846 1764 878; x_wconf 85' lang='lat' dir='ltr'>altri</span> <span class='ocrx_word' id='word_1_357' title='bbox 1784 846 1902 883; x_wconf 89' lang='lat' dir='ltr'>nobili,</span> <span class='ocrx_word' id='word_1_358' title='bbox 1920 846 1952 877; x_wconf 87' lang='lat' dir='ltr'>la</span> <span class='ocrx_word' id='word_1_359' title='bbox 1969 846 2126 887; x_wconf 88' lang='lat' dir='ltr'>predicta</span> <span class='ocrx_word' id='word_1_360' title='bbox 2142 846 2259 878; x_wconf 89' lang='lat' dir='ltr'>donna</span> 
     </span>
     <span class='ocr_line' id='line_1_68' title="bbox 1417 899 2258 941; baseline 0.004 -11"><span class='ocrx_word' id='word_1_361' title='bbox 1417 901 1452 930; x_wconf 78' lang='lat' dir='ltr'>fo</span> <span class='ocrx_word' id='word_1_362' title='bbox 1477 900 1633 941; x_wconf 69' lang='lat' dir='ltr'>sposada,</span> <span class='ocrx_word' id='word_1_363' title='bbox 1658 906 1692 931; x_wconf 82' lang='lat' dir='ltr'>et</span> <span class='ocrx_word' id='word_1_364' title='bbox 1714 900 1782 941; x_wconf 82' lang='lat' dir='ltr'>po’,</span> <span class='ocrx_word' id='word_1_365' title='bbox 1799 900 1895 931; x_wconf 77' lang='lat' dir='ltr'>facto</span> <span class='ocrx_word' id='word_1_366' title='bbox 1916 900 1946 930; x_wconf 87' lang='lat' dir='ltr'>el</span> <span class='ocrx_word' id='word_1_367' title='bbox 1966 899 2091 937; x_wconf 83' lang='lat' dir='ltr'>clisnar‚</span> <span class='ocrx_word' id='word_1_368' title='bbox 2108 899 2145 931; x_wconf 83' lang='lat' dir='ltr'>fo</span> <span class='ocrx_word' id='word_1_369' title='bbox 2162 901 2258 933; x_wconf 74' lang='lat' dir='ltr'>facto</span> 
     </span>
    </p>
   </div>
   <div class='ocr_carea' id='block_1_15' title="bbox 1382 952 2256 996">
    <p class='ocr_par' dir='ltr' id='par_1_15' title="bbox 1382 952 2256 996">
     <span class='ocr_line' id='line_1_69' title="bbox 1382 952 2256 996; baseline 0.001 -12"><span class='ocrx_word' id='word_1_370' title='bbox 1382 993 1383 996; x_wconf 11' lang='grc' dir='ltr'><strong>Ἴ</strong></span> <span class='ocrx_word' id='word_1_371' title='bbox 1416 965 1460 984; x_wconf 87' lang='lat' dir='ltr'>un</span> <span class='ocrx_word' id='word_1_372' title='bbox 1485 954 1648 989; x_wconf 82' lang='lat' dir='ltr'>torniero‚</span> <span class='ocrx_word' id='word_1_373' title='bbox 1665 953 1697 984; x_wconf 88' lang='lat' dir='ltr'>el</span> <span class='ocrx_word' id='word_1_374' title='bbox 1714 953 1793 995; x_wconf 84' lang='lat' dir='ltr'>qual</span> <span class='ocrx_word' id='word_1_375' title='bbox 1812 953 1897 984; x_wconf 84' lang='lat' dir='ltr'>duro</span> <span class='ocrx_word' id='word_1_376' title='bbox 1914 952 1979 984; x_wconf 82' lang='lat' dir='ltr'>ben</span> <span class='ocrx_word' id='word_1_377' title='bbox 2006 963 2070 994; x_wconf 88' lang='lat' dir='ltr'>per</span> <span class='ocrx_word' id='word_1_378' title='bbox 2093 953 2138 984; x_wconf 95' lang='lat' dir='ltr'>do</span> <span class='ocrx_word' id='word_1_379' title='bbox 2162 954 2256 991; x_wconf 83' lang='lat' dir='ltr'>hore.</span> 
     </span>
    </p>
   </div>
   <div class='ocr_carea' id='block_1_16' title="bbox 1412 1006 2278 1795">
    <p class='ocr_par' dir='ltr' id='par_1_16' title="bbox 1412 1006 2278 1795">
     <span class='ocr_line' id='line_1_70' title="bbox 1416 1006 2256 1048; baseline 0.005 -12"><span class='ocrx_word' id='word_1_380' title='bbox 1416 1007 1539 1039; x_wconf 84' lang='lat' dir='ltr'>siaudo</span> <span class='ocrx_word' id='word_1_381' title='bbox 1579 1007 1703 1037; x_wconf 87' lang='lat' dir='ltr'>mesier</span> <span class='ocrx_word' id='word_1_382' title='bbox 1736 1006 1908 1048; x_wconf 78' lang='lat' dir='ltr'>Berthuco</span> <span class='ocrx_word' id='word_1_383' title='bbox 1940 1007 1983 1037; x_wconf 88' lang='lat' dir='ltr'>da</span> <span class='ocrx_word' id='word_1_384' title='bbox 2018 1007 2256 1040; x_wconf 88' lang='lat' dir='ltr'>Montemelon</span> 
     </span>
     <span class='ocr_line' id='line_1_71' title="bbox 1416 1059 2258 1101; baseline 0.004 -12"><span class='ocrx_word' id='word_1_385' title='bbox 1416 1060 1591 1100; x_wconf 84' lang='lat' dir='ltr'>capitanio</span> <span class='ocrx_word' id='word_1_386' title='bbox 1628 1060 1670 1090; x_wconf 90' lang='lat' dir='ltr'>de</span> <span class='ocrx_word' id='word_1_387' title='bbox 1710 1059 1807 1101; x_wconf 91' lang='lat' dir='ltr'>quilli</span> <span class='ocrx_word' id='word_1_388' title='bbox 1842 1059 1933 1090; x_wconf 88' lang='lat' dir='ltr'>dalla</span> <span class='ocrx_word' id='word_1_389' title='bbox 1970 1066 2068 1100; x_wconf 85' lang='lat' dir='ltr'>parte</span> <span class='ocrx_word' id='word_1_390' title='bbox 2108 1060 2258 1092; x_wconf 87' lang='lat' dir='ltr'>biancha</span> 
     </span>
     <span class='ocr_line' id='line_1_72' title="bbox 1415 1112 2258 1155; baseline 0.002 -11"><span class='ocrx_word' id='word_1_391' title='bbox 1415 1119 1448 1144; x_wconf 83' lang='lat' dir='ltr'>et</span> <span class='ocrx_word' id='word_1_392' title='bbox 1470 1113 1502 1144; x_wconf 92' lang='lat' dir='ltr'>lo</span> <span class='ocrx_word' id='word_1_393' title='bbox 1527 1113 1668 1155; x_wconf 82' lang='lat' dir='ltr'>egregio</span> <span class='ocrx_word' id='word_1_394' title='bbox 1686 1113 1883 1144; x_wconf 87' lang='lat' dir='ltr'>chavaliero</span> <span class='ocrx_word' id='word_1_395' title='bbox 1900 1113 2024 1143; x_wconf 87' lang='lat' dir='ltr'>mesier</span> <span class='ocrx_word' id='word_1_396' title='bbox 2041 1112 2172 1144; x_wconf 85' lang='lat' dir='ltr'>Manno</span> <span class='ocrx_word' id='word_1_397' title='bbox 2188 1114 2258 1146; x_wconf 92' lang='lat' dir='ltr'>Do-</span> 
     </span>
     <span class='ocr_line' id='line_1_73' title="bbox 1416 1165 2256 1207; baseline 0.002 -10"><span class='ocrx_word' id='word_1_398' title='bbox 1416 1173 1495 1197; x_wconf 84' lang='lat' dir='ltr'>nato</span> <span class='ocrx_word' id='word_1_399' title='bbox 1518 1167 1560 1196; x_wconf 90' lang='lat' dir='ltr'>de</span> <span class='ocrx_word' id='word_1_400' title='bbox 1585 1166 1680 1207; x_wconf 89' lang='lat' dir='ltr'>quilli</span> <span class='ocrx_word' id='word_1_401' title='bbox 1706 1165 1797 1196; x_wconf 88' lang='lat' dir='ltr'>dalla</span> <span class='ocrx_word' id='word_1_402' title='bbox 1813 1171 1910 1206; x_wconf 81' lang='lat' dir='ltr'>parte</span> <span class='ocrx_word' id='word_1_403' title='bbox 1929 1175 2035 1196; x_wconf 87' lang='lat' dir='ltr'>rossa.</span> <span class='ocrx_word' id='word_1_404' title='bbox 2076 1166 2119 1197; x_wconf 92' lang='lat' dir='ltr'>Et</span> <span class='ocrx_word' id='word_1_405' title='bbox 2135 1167 2172 1198; x_wconf 78' lang='lat' dir='ltr'>fo</span> <span class='ocrx_word' id='word_1_406' title='bbox 2188 1167 2256 1199; x_wconf 88' lang='lat' dir='ltr'>beu</span> 
     </span>
     <span class='ocr_line' id='line_1_74' title="bbox 1415 1218 2256 1260; baseline 0.002 -10"><span class='ocrx_word' id='word_1_407' title='bbox 1415 1220 1459 1250; x_wconf 89' lang='lat' dir='ltr'>da</span> <span class='ocrx_word' id='word_1_408' title='bbox 1481 1225 1616 1250; x_wconf 80' lang='lat' dir='ltr'>sesanta</span> <span class='ocrx_word' id='word_1_409' title='bbox 1641 1229 1703 1260; x_wconf 88' lang='lat' dir='ltr'>per</span> <span class='ocrx_word' id='word_1_410' title='bbox 1727 1225 1825 1260; x_wconf 86' lang='lat' dir='ltr'>parte</span> <span class='ocrx_word' id='word_1_411' title='bbox 1850 1218 1894 1249; x_wconf 88' lang='lat' dir='ltr'>da</span> <span class='ocrx_word' id='word_1_412' title='bbox 1919 1225 1972 1250; x_wconf 91' lang='lat' dir='ltr'>tra</span> <span class='ocrx_word' id='word_1_413' title='bbox 2003 1219 2191 1251; x_wconf 86' lang='lat' dir='ltr'>chavalieri</span> <span class='ocrx_word' id='word_1_414' title='bbox 2222 1227 2256 1252; x_wconf 87' lang='lat' dir='ltr'>et</span> 
     </span>
     <span class='ocr_line' id='line_1_75' title="bbox 1415 1268 2257 1314; baseline 0.001 -10"><span class='ocrx_word' id='word_1_415' title='bbox 1415 1273 1491 1304; x_wconf 87' lang='lat' dir='ltr'>altri</span> <span class='ocrx_word' id='word_1_416' title='bbox 1516 1272 1634 1303; x_wconf 84' lang='lat' dir='ltr'>nobili.</span> <span class='ocrx_word' id='word_1_417' title='bbox 1668 1272 1732 1303; x_wconf 88' lang='lat' dir='ltr'>Del</span> <span class='ocrx_word' id='word_1_418' title='bbox 1757 1271 1836 1314; x_wconf 89' lang='lat' dir='ltr'>qual</span> <span class='ocrx_word' id='word_1_419' title='bbox 1862 1272 2012 1303; x_wconf 85' lang='lat' dir='ltr'>torniero</span> <span class='ocrx_word' id='word_1_420' title='bbox 2036 1272 2067 1303; x_wconf 84' lang='lat' dir='ltr'>el</span> <span class='ocrx_word' id='word_1_421' title='bbox 2092 1268 2197 1304; x_wconf 83' lang='lat' dir='ltr'>lau&#39;do</span> <span class='ocrx_word' id='word_1_422' title='bbox 2221 1279 2257 1305; x_wconf 88' lang='lat' dir='ltr'>et</span> 
     </span>
     <span class='ocr_line' id='line_1_76' title="bbox 1415 1325 2255 1366; baseline 0.002 -11"><span class='ocrx_word' id='word_1_423' title='bbox 1415 1325 1447 1356; x_wconf 91' lang='lat' dir='ltr'>lo</span> <span class='ocrx_word' id='word_1_424' title='bbox 1470 1327 1582 1356; x_wconf 86' lang='lat' dir='ltr'>honor</span> <span class='ocrx_word' id='word_1_425' title='bbox 1605 1325 1642 1356; x_wconf 76' lang='lat' dir='ltr'>fo</span> <span class='ocrx_word' id='word_1_426' title='bbox 1660 1325 1750 1356; x_wconf 88' lang='lat' dir='ltr'>dado</span> <span class='ocrx_word' id='word_1_427' title='bbox 1768 1336 1786 1355; x_wconf 85' lang='lat' dir='ltr'>a</span> <span class='ocrx_word' id='word_1_428' title='bbox 1807 1326 1853 1356; x_wconf 89' lang='lat' dir='ltr'>du</span> <span class='ocrx_word' id='word_1_429' title='bbox 1871 1325 2042 1362; x_wconf 81' lang='lat' dir='ltr'>cavalieri,</span> <span class='ocrx_word' id='word_1_430' title='bbox 2059 1325 2171 1366; x_wconf 84' lang='lat' dir='ltr'>prima</span> <span class='ocrx_word' id='word_1_431' title='bbox 2187 1337 2255 1357; x_wconf 84' lang='lat' dir='ltr'>una</span> 
     </span>
     <span class='ocr_line' id='line_1_77' title="bbox 1414 1378 2256 1419; baseline 0.002 -10"><span class='ocrx_word' id='word_1_432' title='bbox 1414 1379 1521 1419; x_wconf 87' lang='lat' dir='ltr'>spada</span> <span class='ocrx_word' id='word_1_433' title='bbox 1533 1389 1599 1410; x_wconf 84' lang='lat' dir='ltr'>con</span> <span class='ocrx_word' id='word_1_434' title='bbox 1612 1389 1679 1410; x_wconf 88' lang='lat' dir='ltr'>una</span> <span class='ocrx_word' id='word_1_435' title='bbox 1696 1384 1836 1409; x_wconf 89' lang='lat' dir='ltr'>centura</span> <span class='ocrx_word' id='word_1_436' title='bbox 1850 1378 1894 1409; x_wconf 87' lang='lat' dir='ltr'>da</span> <span class='ocrx_word' id='word_1_437' title='bbox 1908 1378 2080 1409; x_wconf 85' lang='lat' dir='ltr'>cavaliero</span> <span class='ocrx_word' id='word_1_438' title='bbox 2098 1389 2118 1409; x_wconf 88' lang='lat' dir='ltr'>a</span> <span class='ocrx_word' id='word_1_439' title='bbox 2131 1379 2256 1411; x_wconf 87' lang='lat' dir='ltr'>mesier</span> 
     </span>
     <span class='ocr_line' id='line_1_78' title="bbox 1414 1431 2254 1472; baseline 0.001 -10"><span class='ocrx_word' id='word_1_440' title='bbox 1414 1432 1548 1463; x_wconf 91' lang='lat' dir='ltr'>Luchin</span> <span class='ocrx_word' id='word_1_441' title='bbox 1573 1433 1616 1464; x_wconf 90' lang='lat' dir='ltr'>da</span> <span class='ocrx_word' id='word_1_442' title='bbox 1639 1431 1773 1468; x_wconf 87' lang='lat' dir='ltr'>Maran,</span> <span class='ocrx_word' id='word_1_443' title='bbox 1797 1431 1993 1472; x_wconf 50' lang='lat' dir='ltr'>provisions</span> <span class='ocrx_word' id='word_1_444' title='bbox 2027 1431 2061 1461; x_wconf 92' lang='lat' dir='ltr'>di</span> <span class='ocrx_word' id='word_1_445' title='bbox 2091 1432 2254 1465; x_wconf 80' lang='lat' dir='ltr'>marchisi</span> 
     </span>
     <span class='ocr_line' id='line_1_79' title="bbox 1415 1484 2253 1527; baseline 0 -10"><span class='ocrx_word' id='word_1_446' title='bbox 1415 1485 1521 1522; x_wconf 83' lang='lat' dir='ltr'>d&#39;Est,</span> <span class='ocrx_word' id='word_1_447' title='bbox 1538 1486 1569 1516; x_wconf 94' lang='lat' dir='ltr'>el</span> <span class='ocrx_word' id='word_1_448' title='bbox 1588 1485 1666 1527; x_wconf 86' lang='lat' dir='ltr'>qual</span> <span class='ocrx_word' id='word_1_449' title='bbox 1691 1496 1750 1516; x_wconf 88' lang='lat' dir='ltr'>era</span> <span class='ocrx_word' id='word_1_450' title='bbox 1767 1484 1871 1526; x_wconf 78' lang='lat' dir='ltr'>vignu</span> <span class='ocrx_word' id='word_1_451' title='bbox 1888 1484 1956 1515; x_wconf 88' lang='lat' dir='ltr'>alla</span> <span class='ocrx_word' id='word_1_452' title='bbox 1972 1484 2066 1515; x_wconf 89' lang='lat' dir='ltr'>dicta</span> <span class='ocrx_word' id='word_1_453' title='bbox 2083 1485 2172 1516; x_wconf 76' lang='lat' dir='ltr'>festa</span> <span class='ocrx_word' id='word_1_454' title='bbox 2188 1495 2253 1517; x_wconf 92' lang='lat' dir='ltr'>con</span> 
     </span>
     <span class='ocr_line' id='line_1_80' title="bbox 1414 1536 2255 1580; baseline 0 -10"><span class='ocrx_word' id='word_1_455' title='bbox 1414 1540 1459 1570; x_wconf 90' lang='lat' dir='ltr'>du</span> <span class='ocrx_word' id='word_1_456' title='bbox 1484 1538 1566 1570; x_wconf 86' lang='lat' dir='ltr'>dicti</span> <span class='ocrx_word' id='word_1_457' title='bbox 1585 1537 1756 1574; x_wconf 84' lang='lat' dir='ltr'>marchisi,</span> <span class='ocrx_word' id='word_1_458' title='bbox 1773 1536 1832 1580; x_wconf 75' lang='grc' dir='ltr'>ςοὲ</span> <span class='ocrx_word' id='word_1_459' title='bbox 1850 1537 1974 1568; x_wconf 79' lang='lat' dir='ltr'>Nicolo</span> <span class='ocrx_word' id='word_1_460' title='bbox 1992 1543 2026 1568; x_wconf 88' lang='lat' dir='ltr'>et</span> <span class='ocrx_word' id='word_1_461' title='bbox 2043 1537 2163 1580; x_wconf 87' lang='lat' dir='ltr'>Hug0;</span> <span class='ocrx_word' id='word_1_462' title='bbox 2183 1538 2255 1570; x_wconf 88' lang='lat' dir='ltr'>l’al-</span> 
     </span>
     <span class='ocr_line' id='line_1_81' title="bbox 1414 1590 2253 1623; baseline 0.001 -1"><span class='ocrx_word' id='word_1_463' title='bbox 1414 1598 1466 1622; x_wconf 85' lang='lat' dir='ltr'>tro</span> <span class='ocrx_word' id='word_1_464' title='bbox 1492 1592 1571 1623; x_wconf 90' lang='lat' dir='ltr'>lodo</span> <span class='ocrx_word' id='word_1_465' title='bbox 1597 1597 1631 1622; x_wconf 87' lang='lat' dir='ltr'>et</span> <span class='ocrx_word' id='word_1_466' title='bbox 1655 1591 1764 1621; x_wconf 88' lang='lat' dir='ltr'>honor</span> <span class='ocrx_word' id='word_1_467' title='bbox 1787 1590 1824 1621; x_wconf 76' lang='lat' dir='ltr'>fo</span> <span class='ocrx_word' id='word_1_468' title='bbox 1850 1590 1940 1622; x_wconf 89' lang='lat' dir='ltr'>dado</span> <span class='ocrx_word' id='word_1_469' title='bbox 1965 1600 1984 1620; x_wconf 89' lang='lat' dir='ltr'>a</span> <span class='ocrx_word' id='word_1_470' title='bbox 2007 1601 2051 1621; x_wconf 87' lang='lat' dir='ltr'>un</span> <span class='ocrx_word' id='word_1_471' title='bbox 2079 1591 2253 1623; x_wconf 89' lang='lat' dir='ltr'>cavaliero</span> 
     </span>
     <span class='ocr_line' id='line_1_82' title="bbox 1413 1643 2278 1687; baseline 0.001 -11"><span class='ocrx_word' id='word_1_472' title='bbox 1413 1646 1457 1676; x_wconf 88' lang='lat' dir='ltr'>de</span> <span class='ocrx_word' id='word_1_473' title='bbox 1481 1644 1672 1687; x_wconf 84' lang='lat' dir='ltr'>Sansogna,</span> <span class='ocrx_word' id='word_1_474' title='bbox 1690 1643 1751 1685; x_wconf 76' lang='lat' dir='ltr'>coe</span> <span class='ocrx_word' id='word_1_475' title='bbox 1772 1654 1818 1674; x_wconf 88' lang='lat' dir='ltr'>un</span> <span class='ocrx_word' id='word_1_476' title='bbox 1842 1643 1896 1674; x_wconf 92' lang='lat' dir='ltr'>bel</span> <span class='ocrx_word' id='word_1_477' title='bbox 1921 1643 2010 1674; x_wconf 90' lang='lat' dir='ltr'>elmo</span> <span class='ocrx_word' id='word_1_478' title='bbox 2029 1653 2094 1675; x_wconf 87' lang='lat' dir='ltr'>con</span> <span class='ocrx_word' id='word_1_479' title='bbox 2112 1655 2181 1676; x_wconf 85' lang='lat' dir='ltr'>una</span> <span class='ocrx_word' id='word_1_480' title='bbox 2196 1655 2254 1677; x_wconf 93' lang='lat' dir='ltr'>co-</span> <span class='ocrx_word' id='word_1_481' title='bbox 2269 1677 2278 1682; x_wconf 28' lang='grc' dir='ltr'><strong><em>Δ</em></strong></span> 
     </span>
     <span class='ocr_line' id='line_1_83' title="bbox 1413 1696 2253 1730; baseline 0.002 -2"><span class='ocrx_word' id='word_1_482' title='bbox 1413 1708 1495 1729; x_wconf 87' lang='lat' dir='ltr'>rona</span> <span class='ocrx_word' id='word_1_483' title='bbox 1510 1698 1618 1729; x_wconf 87' lang='lat' dir='ltr'>d&#39;oro.</span> <span class='ocrx_word' id='word_1_484' title='bbox 1638 1697 1699 1728; x_wconf 90' lang='lat' dir='ltr'>Po&#39;</span> <span class='ocrx_word' id='word_1_485' title='bbox 1714 1697 1744 1727; x_wconf 87' lang='lat' dir='ltr'>el</span> <span class='ocrx_word' id='word_1_486' title='bbox 1759 1696 1793 1728; x_wconf 77' lang='lat' dir='ltr'>di</span> <span class='ocrx_word' id='word_1_487' title='bbox 1807 1697 1953 1728; x_wconf 87' lang='lat' dir='ltr'>mercori</span> <span class='ocrx_word' id='word_1_488' title='bbox 1966 1703 2075 1728; x_wconf 85' lang='lat' dir='ltr'>trenta</span> <span class='ocrx_word' id='word_1_489' title='bbox 2089 1697 2145 1729; x_wconf 87' lang='lat' dir='ltr'>del</span> <span class='ocrx_word' id='word_1_490' title='bbox 2159 1698 2253 1730; x_wconf 91' lang='lat' dir='ltr'>dicto</span> 
     </span>
     <span class='ocr_line' id='line_1_84' title="bbox 1412 1751 2251 1795; baseline 0.004 -14"><span class='ocrx_word' id='word_1_491' title='bbox 1412 1761 1504 1782; x_wconf 88' lang='lat' dir='ltr'>mese</span> <span class='ocrx_word' id='word_1_492' title='bbox 1530 1751 1564 1782; x_wconf 81' lang='lat' dir='ltr'>fo</span> <span class='ocrx_word' id='word_1_493' title='bbox 1590 1751 1683 1782; x_wconf 77' lang='lat' dir='ltr'>faeta</span> <span class='ocrx_word' id='word_1_494' title='bbox 1707 1760 1773 1781; x_wconf 89' lang='lat' dir='ltr'>una</span> <span class='ocrx_word' id='word_1_495' title='bbox 1797 1751 1931 1790; x_wconf 85' lang='lat' dir='ltr'>grande</span> <span class='ocrx_word' id='word_1_496' title='bbox 1956 1757 1989 1782; x_wconf 87' lang='lat' dir='ltr'>et</span> <span class='ocrx_word' id='word_1_497' title='bbox 2014 1751 2104 1783; x_wconf 81' lang='lat' dir='ltr'>bella</span> <span class='ocrx_word' id='word_1_498' title='bbox 2128 1758 2251 1795; x_wconf 78' lang='lat' dir='ltr'>costra.</span> 
     </span>
    </p>
   </div>
   <div class='ocr_carea' id='block_1_17' title="bbox 1376 1803 2254 1849">
    <p class='ocr_par' dir='ltr' id='par_1_17' title="bbox 1376 1803 2254 1849">
     <span class='ocr_line' id='line_1_85' title="bbox 1376 1803 2254 1849; baseline 0.003 -15"><span class='ocrx_word' id='word_1_499' title='bbox 1376 1844 1378 1849; x_wconf 93' lang='lat'>.</span> <span class='ocrx_word' id='word_1_500' title='bbox 1412 1804 1461 1835; x_wconf 85' lang='lat' dir='ltr'>La</span> <span class='ocrx_word' id='word_1_501' title='bbox 1485 1803 1594 1846; x_wconf 74' lang='lat' dir='ltr'>cuoba</span> <span class='ocrx_word' id='word_1_502' title='bbox 1614 1803 1669 1844; x_wconf 90' lang='lat' dir='ltr'>po&#39;</span> <span class='ocrx_word' id='word_1_503' title='bbox 1686 1803 1805 1835; x_wconf 88' lang='lat' dir='ltr'>ultimo</span> <span class='ocrx_word' id='word_1_504' title='bbox 1830 1804 1887 1835; x_wconf 86' lang='lat' dir='ltr'>del</span> <span class='ocrx_word' id='word_1_505' title='bbox 1912 1804 2006 1836; x_wconf 89' lang='lat' dir='ltr'>dicto</span> <span class='ocrx_word' id='word_1_506' title='bbox 2024 1815 2116 1836; x_wconf 90' lang='lat' dir='ltr'>mese</span> <span class='ocrx_word' id='word_1_507' title='bbox 2135 1812 2254 1847; x_wconf 83' lang='lat' dir='ltr'>questa</span> 
     </span>
    </p>
   </div>
   <div class='ocr_carea' id='block_1_18' title="bbox 1410 1857 2254 2059">
    <p class='ocr_par' dir='ltr' id='par_1_18' title="bbox 1410 1857 2254 2059">
     <span class='ocr_line' id='line_1_86' title="bbox 1412 1857 2254 1896; baseline 0.005 -9"><span class='ocrx_word' id='word_1_508' title='bbox 1412 1857 1541 1888; x_wconf 72' lang='lat' dir='ltr'>illustre</span> <span class='ocrx_word' id='word_1_509' title='bbox 1567 1857 1747 1896; x_wconf 87' lang='lat' dir='ltr'>duchessa,</span> <span class='ocrx_word' id='word_1_510' title='bbox 1777 1857 1931 1888; x_wconf 65' lang='lat' dir='ltr'>sedando</span> <span class='ocrx_word' id='word_1_511' title='bbox 1956 1868 1975 1888; x_wconf 90' lang='lat' dir='ltr'>a</span> <span class='ocrx_word' id='word_1_512' title='bbox 2002 1857 2106 1890; x_wconf 91' lang='lat' dir='ltr'>modo</span> <span class='ocrx_word' id='word_1_513' title='bbox 2137 1859 2254 1891; x_wconf 85' lang='lat' dir='ltr'>donna</span> 
     </span>
     <span class='ocr_line' id='line_1_87' title="bbox 1410 1910 2252 1953; baseline 0.005 -13"><span class='ocrx_word' id='word_1_514' title='bbox 1410 1920 1447 1940; x_wconf 90' lang='lat' dir='ltr'>su</span> <span class='ocrx_word' id='word_1_515' title='bbox 1472 1920 1515 1940; x_wconf 89' lang='lat' dir='ltr'>un</span> <span class='ocrx_word' id='word_1_516' title='bbox 1541 1920 1625 1951; x_wconf 86' lang='lat' dir='ltr'>grau</span> <span class='ocrx_word' id='word_1_517' title='bbox 1651 1910 1815 1942; x_wconf 83' lang='lat' dir='ltr'>destriero</span> <span class='ocrx_word' id='word_1_518' title='bbox 1840 1917 1983 1942; x_wconf 85' lang='lat' dir='ltr'>coverto</span> <span class='ocrx_word' id='word_1_519' title='bbox 2008 1912 2051 1943; x_wconf 85' lang='lat' dir='ltr'>de</span> <span class='ocrx_word' id='word_1_520' title='bbox 2069 1922 2184 1953; x_wconf 89' lang='lat' dir='ltr'>panno</span> <span class='ocrx_word' id='word_1_521' title='bbox 2208 1911 2252 1944; x_wconf 83' lang='lat' dir='ltr'>de</span> 
     </span>
     <span class='ocr_line' id='line_1_88' title="bbox 1410 1964 2252 2002; baseline 0.004 -8"><span class='ocrx_word' id='word_1_522' title='bbox 1410 1965 1492 1995; x_wconf 83' lang='lat' dir='ltr'>seda</span> <span class='ocrx_word' id='word_1_523' title='bbox 1516 1964 1639 1995; x_wconf 73' lang='lat' dir='ltr'>tesudo</span> <span class='ocrx_word' id='word_1_524' title='bbox 1664 1964 1761 1995; x_wconf 86' lang='lat' dir='ltr'>d&#39;oro</span> <span class='ocrx_word' id='word_1_525' title='bbox 1786 1971 1820 1996; x_wconf 92' lang='lat' dir='ltr'>et</span> <span class='ocrx_word' id='word_1_526' title='bbox 1841 1975 1918 1996; x_wconf 87' lang='lat' dir='ltr'>sora</span> <span class='ocrx_word' id='word_1_527' title='bbox 1943 1965 1986 1996; x_wconf 86' lang='lat' dir='ltr'>de</span> <span class='ocrx_word' id='word_1_528' title='bbox 2014 1975 2105 2002; x_wconf 87' lang='lat' dir='ltr'>varo,</span> <span class='ocrx_word' id='word_1_529' title='bbox 2129 1965 2252 1997; x_wconf 85' lang='lat' dir='ltr'>vestita</span> 
     </span>
     <span class='ocr_line' id='line_1_89' title="bbox 1410 2017 2253 2059; baseline 0.002 -11"><span class='ocrx_word' id='word_1_530' title='bbox 1410 2023 1538 2059; x_wconf 82' lang='lat' dir='ltr'>quanto</span> <span class='ocrx_word' id='word_1_531' title='bbox 1562 2017 1867 2059; x_wconf 75' lang='lat' dir='ltr'>magnificamente</span> <span class='ocrx_word' id='word_1_532' title='bbox 1892 2027 1927 2048; x_wconf 89' lang='lat' dir='ltr'>se</span> <span class='ocrx_word' id='word_1_533' title='bbox 1952 2018 2006 2058; x_wconf 82' lang='lat' dir='ltr'>po‘</span> <span class='ocrx_word' id='word_1_534' title='bbox 2031 2018 2062 2048; x_wconf 88' lang='lat' dir='ltr'>al</span> <span class='ocrx_word' id='word_1_535' title='bbox 2081 2019 2186 2050; x_wconf 85' lang='lat' dir='ltr'>modo</span> <span class='ocrx_word' id='word_1_536' title='bbox 2202 2024 2253 2050; x_wconf 90' lang='lat' dir='ltr'>to-</span> 
     </span>
    </p>
   </div>
   <div class='ocr_carea' id='block_1_19' title="bbox 1376 2068 2252 2112">
    <p class='ocr_par' dir='ltr' id='par_1_19' title="bbox 1376 2068 2252 2112">
     <span class='ocr_line' id='line_1_90' title="bbox 1376 2068 2252 2112; baseline 0.006 -14"><span class='ocrx_word' id='word_1_537' title='bbox 1376 2091 1377 2098; x_wconf 66' lang='grc'>,</span> <span class='ocrx_word' id='word_1_538' title='bbox 1410 2068 1527 2104; x_wconf 83' lang='lat' dir='ltr'>desco,</span> <span class='ocrx_word' id='word_1_539' title='bbox 1544 2077 1609 2099; x_wconf 90' lang='lat' dir='ltr'>con</span> <span class='ocrx_word' id='word_1_540' title='bbox 1626 2079 1694 2099; x_wconf 87' lang='lat' dir='ltr'>una</span> <span class='ocrx_word' id='word_1_541' title='bbox 1711 2078 1837 2100; x_wconf 84' lang='lat' dir='ltr'>corona</span> <span class='ocrx_word' id='word_1_542' title='bbox 1861 2069 1911 2100; x_wconf 86' lang='lat' dir='ltr'>sul</span> <span class='ocrx_word' id='word_1_543' title='bbox 1930 2080 2075 2112; x_wconf 80' lang='lat' dir='ltr'>capuco,</span> <span class='ocrx_word' id='word_1_544' title='bbox 2092 2081 2156 2103; x_wconf 81' lang='lat' dir='ltr'>con</span> <span class='ocrx_word' id='word_1_545' title='bbox 2173 2077 2252 2103; x_wconf 88' lang='lat' dir='ltr'>octo</span> 
     </span>
    </p>
   </div>
   <div class='ocr_carea' id='block_1_20' title="bbox 1404 2121 2254 2951">
    <p class='ocr_par' dir='ltr' id='par_1_20' title="bbox 1404 2121 2254 2951">
     <span class='ocr_line' id='line_1_91' title="bbox 1410 2121 2254 2164; baseline 0.005 -12"><span class='ocrx_word' id='word_1_546' title='bbox 1410 2121 1595 2152; x_wconf 85' lang='lat' dir='ltr'>chavalieri</span> <span class='ocrx_word' id='word_1_547' title='bbox 1621 2132 1638 2151; x_wconf 87' lang='lat' dir='ltr'>a</span> <span class='ocrx_word' id='word_1_548' title='bbox 1657 2121 1710 2161; x_wconf 82' lang='lat' dir='ltr'>pe’</span> <span class='ocrx_word' id='word_1_549' title='bbox 1729 2122 1850 2153; x_wconf 82' lang='lat' dir='ltr'>vestidi</span> <span class='ocrx_word' id='word_1_550' title='bbox 1869 2123 1911 2154; x_wconf 89' lang='lat' dir='ltr'>de</span> <span class='ocrx_word' id='word_1_551' title='bbox 1928 2134 2042 2164; x_wconf 82' lang='lat' dir='ltr'>panno</span> <span class='ocrx_word' id='word_1_552' title='bbox 2059 2124 2169 2156; x_wconf 88' lang='lat' dir='ltr'>simile</span> <span class='ocrx_word' id='word_1_553' title='bbox 2185 2124 2254 2156; x_wconf 87' lang='lat' dir='ltr'>alla</span> 
     </span>
     <span class='ocr_line' id='line_1_92' title="bbox 1411 2174 2252 2219; baseline 0.006 -15"><span class='ocrx_word' id='word_1_554' title='bbox 1411 2180 1591 2205; x_wconf 87' lang='lat' dir='ltr'>covertura</span> <span class='ocrx_word' id='word_1_555' title='bbox 1616 2174 1673 2205; x_wconf 80' lang='lat' dir='ltr'>del</span> <span class='ocrx_word' id='word_1_556' title='bbox 1696 2175 1875 2212; x_wconf 84' lang='lat' dir='ltr'>destriero,</span> <span class='ocrx_word' id='word_1_557' title='bbox 1906 2176 1915 2206; x_wconf 90' lang='lat' dir='ltr'>i</span> <span class='ocrx_word' id='word_1_558' title='bbox 1948 2176 2041 2218; x_wconf 88' lang='lat' dir='ltr'>quali</span> <span class='ocrx_word' id='word_1_559' title='bbox 2073 2178 2190 2219; x_wconf 86' lang='lat' dir='ltr'>tegnia</span> <span class='ocrx_word' id='word_1_560' title='bbox 2220 2178 2252 2209; x_wconf 87' lang='lat' dir='ltr'>la</span> 
     </span>
     <span class='ocr_line' id='line_1_93' title="bbox 1410 2226 2251 2271; baseline 0.004 -13"><span class='ocrx_word' id='word_1_561' title='bbox 1410 2226 1585 2263; x_wconf 87' lang='lat' dir='ltr'>ombrella,</span> <span class='ocrx_word' id='word_1_562' title='bbox 1610 2234 1707 2259; x_wconf 82' lang='lat' dir='ltr'>socto</span> <span class='ocrx_word' id='word_1_563' title='bbox 1731 2228 1763 2258; x_wconf 85' lang='lat' dir='ltr'>la</span> <span class='ocrx_word' id='word_1_564' title='bbox 1787 2228 1866 2269; x_wconf 86' lang='lat' dir='ltr'>qual</span> <span class='ocrx_word' id='word_1_565' title='bbox 1892 2240 1950 2259; x_wconf 88' lang='lat' dir='ltr'>era</span> <span class='ocrx_word' id='word_1_566' title='bbox 1975 2235 2096 2271; x_wconf 84' lang='lat' dir='ltr'>questa</span> <span class='ocrx_word' id='word_1_567' title='bbox 2125 2229 2251 2268; x_wconf 84' lang='lat' dir='ltr'>donna,</span> 
     </span>
     <span class='ocr_line' id='line_1_94' title="bbox 1408 2281 2251 2321; baseline 0.005 -11"><span class='ocrx_word' id='word_1_568' title='bbox 1408 2281 1670 2321; x_wconf 84' lang='lat' dir='ltr'>acompagnada</span> <span class='ocrx_word' id='word_1_569' title='bbox 1693 2281 1735 2311; x_wconf 88' lang='lat' dir='ltr'>de</span> <span class='ocrx_word' id='word_1_570' title='bbox 1760 2281 1862 2312; x_wconf 86' lang='lat' dir='ltr'>molte</span> <span class='ocrx_word' id='word_1_571' title='bbox 1887 2281 1973 2312; x_wconf 87' lang='lat' dir='ltr'>altre</span> <span class='ocrx_word' id='word_1_572' title='bbox 1999 2283 2112 2314; x_wconf 91' lang='lat' dir='ltr'>donne</span> <span class='ocrx_word' id='word_1_573' title='bbox 2145 2294 2164 2314; x_wconf 92' lang='lat' dir='ltr'>a</span> <span class='ocrx_word' id='word_1_574' title='bbox 2195 2293 2251 2314; x_wconf 88' lang='lat' dir='ltr'>ca-</span> 
     </span>
     <span class='ocr_line' id='line_1_95' title="bbox 1408 2333 2251 2375; baseline 0.005 -12"><span class='ocrx_word' id='word_1_575' title='bbox 1408 2333 1509 2369; x_wconf 71' lang='lat' dir='ltr'>vallo,</span> <span class='ocrx_word' id='word_1_576' title='bbox 1533 2333 1588 2363; x_wconf 89' lang='lat' dir='ltr'>del</span> <span class='ocrx_word' id='word_1_577' title='bbox 1613 2333 1719 2374; x_wconf 86' lang='lat' dir='ltr'>padre</span> <span class='ocrx_word' id='word_1_578' title='bbox 1744 2333 1884 2375; x_wconf 91' lang='lat' dir='ltr'>proprio</span> <span class='ocrx_word' id='word_1_579' title='bbox 1908 2341 1942 2365; x_wconf 90' lang='lat' dir='ltr'>et</span> <span class='ocrx_word' id='word_1_580' title='bbox 1961 2335 1995 2365; x_wconf 93' lang='lat' dir='ltr'>di</span> <span class='ocrx_word' id='word_1_581' title='bbox 2021 2335 2183 2367; x_wconf 88' lang='lat' dir='ltr'>marchisi</span> <span class='ocrx_word' id='word_1_582' title='bbox 2199 2346 2251 2368; x_wconf 90' lang='lat' dir='ltr'>so-</span> 
     </span>
     <span class='ocr_line' id='line_1_96' title="bbox 1409 2385 2249 2422; baseline 0.007 -7"><span class='ocrx_word' id='word_1_583' title='bbox 1409 2385 1567 2422; x_wconf 88' lang='lat' dir='ltr'>vradicti‚</span> <span class='ocrx_word' id='word_1_584' title='bbox 1591 2386 1634 2416; x_wconf 89' lang='lat' dir='ltr'>de</span> <span class='ocrx_word' id='word_1_585' title='bbox 1660 2386 1742 2417; x_wconf 85' lang='lat' dir='ltr'>tucti</span> <span class='ocrx_word' id='word_1_586' title='bbox 1759 2386 1770 2416; x_wconf 86' lang='lat' dir='ltr'>i</span> <span class='ocrx_word' id='word_1_587' title='bbox 1788 2386 1895 2417; x_wconf 91' lang='lat' dir='ltr'>nobili</span> <span class='ocrx_word' id='word_1_588' title='bbox 1922 2387 2013 2419; x_wconf 81' lang='lat' dir='ltr'>della</span> <span class='ocrx_word' id='word_1_589' title='bbox 2038 2395 2128 2419; x_wconf 87' lang='lat' dir='ltr'>terra</span> <span class='ocrx_word' id='word_1_590' title='bbox 2152 2394 2186 2420; x_wconf 87' lang='lat' dir='ltr'>et</span> <span class='ocrx_word' id='word_1_591' title='bbox 2206 2389 2249 2421; x_wconf 85' lang='lat' dir='ltr'>de</span> 
     </span>
     <span class='ocr_line' id='line_1_97' title="bbox 1407 2438 2249 2484; baseline 0.006 -16"><span class='ocrx_word' id='word_1_592' title='bbox 1407 2438 1502 2469; x_wconf 91' lang='lat' dir='ltr'>molti</span> <span class='ocrx_word' id='word_1_593' title='bbox 1529 2439 1714 2476; x_wconf 75' lang='lat' dir='ltr'>forastieri‚</span> <span class='ocrx_word' id='word_1_594' title='bbox 1738 2439 1883 2471; x_wconf 84' lang='lat' dir='ltr'>insando</span> <span class='ocrx_word' id='word_1_595' title='bbox 1909 2441 1951 2471; x_wconf 91' lang='lat' dir='ltr'>de</span> <span class='ocrx_word' id='word_1_596' title='bbox 1975 2447 2084 2478; x_wconf 82' lang='lat' dir='ltr'>corte,</span> <span class='ocrx_word' id='word_1_597' title='bbox 2108 2442 2174 2473; x_wconf 84' lang='lat' dir='ltr'>insi</span> <span class='ocrx_word' id='word_1_598' title='bbox 2193 2442 2249 2484; x_wconf 90' lang='lat' dir='ltr'>po’</span> 
     </span>
     <span class='ocr_line' id='line_1_98' title="bbox 1409 2491 2249 2532; baseline 0.006 -11"><span class='ocrx_word' id='word_1_599' title='bbox 1409 2493 1451 2522; x_wconf 86' lang='lat' dir='ltr'>de</span> <span class='ocrx_word' id='word_1_600' title='bbox 1473 2491 1566 2522; x_wconf 81' lang='lat' dir='ltr'>Pava</span> <span class='ocrx_word' id='word_1_601' title='bbox 1584 2502 1645 2532; x_wconf 90' lang='lat' dir='ltr'>per</span> <span class='ocrx_word' id='word_1_602' title='bbox 1664 2492 1692 2522; x_wconf 85' lang='lat' dir='ltr'>la</span> <span class='ocrx_word' id='word_1_603' title='bbox 1712 2498 1812 2532; x_wconf 86' lang='lat' dir='ltr'>porta</span> <span class='ocrx_word' id='word_1_604' title='bbox 1828 2492 1920 2524; x_wconf 87' lang='lat' dir='ltr'>della</span> <span class='ocrx_word' id='word_1_605' title='bbox 1939 2493 2084 2525; x_wconf 72' lang='lat' dir='ltr'>Trinita.</span> <span class='ocrx_word' id='word_1_606' title='bbox 2116 2494 2200 2526; x_wconf 88' lang='lat' dir='ltr'>Drio</span> <span class='ocrx_word' id='word_1_607' title='bbox 2218 2495 2249 2527; x_wconf 86' lang='lat' dir='ltr'>Ia</span> 
     </span>
     <span class='ocr_line' id='line_1_99' title="bbox 1407 2544 2248 2591; baseline 0.005 -16"><span class='ocrx_word' id='word_1_608' title='bbox 1407 2545 1485 2586; x_wconf 85' lang='lat' dir='ltr'>qual</span> <span class='ocrx_word' id='word_1_609' title='bbox 1505 2544 1538 2575; x_wconf 88' lang='lat' dir='ltr'>la</span> <span class='ocrx_word' id='word_1_610' title='bbox 1561 2545 1775 2587; x_wconf 77' lang='lat' dir='ltr'>magnificha</span> <span class='ocrx_word' id='word_1_611' title='bbox 1799 2556 1857 2577; x_wconf 83' lang='lat' dir='ltr'>soa</span> <span class='ocrx_word' id='word_1_612' title='bbox 1881 2557 1974 2578; x_wconf 85' lang='lat' dir='ltr'>mare</span> <span class='ocrx_word' id='word_1_613' title='bbox 1993 2547 2058 2577; x_wconf 86' lang='lat' dir='ltr'>mai</span> <span class='ocrx_word' id='word_1_614' title='bbox 2082 2557 2126 2579; x_wconf 92' lang='lat' dir='ltr'>no</span> <span class='ocrx_word' id='word_1_615' title='bbox 2143 2546 2248 2591; x_wconf 77' lang='lat' dir='ltr'>piegb</span> 
     </span>
     <span class='ocr_line' id='line_1_100' title="bbox 1406 2596 2248 2641; baseline 0.005 -13"><span class='ocrx_word' id='word_1_616' title='bbox 1406 2596 1518 2635; x_wconf 85' lang='lat' dir='ltr'>ochio,</span> <span class='ocrx_word' id='word_1_617' title='bbox 1543 2597 1593 2628; x_wconf 75' lang='lat' dir='ltr'>fin</span> <span class='ocrx_word' id='word_1_618' title='bbox 1619 2598 1684 2629; x_wconf 88' lang='lat' dir='ltr'>che</span> <span class='ocrx_word' id='word_1_619' title='bbox 1707 2597 1774 2628; x_wconf 88' lang='lat' dir='ltr'>ella</span> <span class='ocrx_word' id='word_1_620' title='bbox 1797 2598 1829 2629; x_wconf 90' lang='lat' dir='ltr'>la</span> <span class='ocrx_word' id='word_1_621' title='bbox 1853 2599 1936 2639; x_wconf 70' lang='lat' dir='ltr'>pose</span> <span class='ocrx_word' id='word_1_622' title='bbox 1960 2600 2121 2641; x_wconf 83' lang='lat' dir='ltr'>guardar.</span> <span class='ocrx_word' id='word_1_623' title='bbox 2162 2599 2248 2632; x_wconf 87' lang='lat' dir='ltr'>Insi-</span> 
     </span>
     <span class='ocr_line' id='line_1_101' title="bbox 1407 2650 2247 2692; baseline 0.006 -12"><span class='ocrx_word' id='word_1_624' title='bbox 1407 2650 1450 2681; x_wconf 89' lang='lat' dir='ltr'>da</span> <span class='ocrx_word' id='word_1_625' title='bbox 1474 2650 1542 2691; x_wconf 78' lang='lat' dir='ltr'>puo</span> <span class='ocrx_word' id='word_1_626' title='bbox 1566 2650 1659 2681; x_wconf 88' lang='lat' dir='ltr'>della</span> <span class='ocrx_word' id='word_1_627' title='bbox 1683 2657 1784 2692; x_wconf 85' lang='lat' dir='ltr'>porta</span> <span class='ocrx_word' id='word_1_628' title='bbox 1808 2652 1901 2683; x_wconf 86' lang='lat' dir='ltr'>della</span> <span class='ocrx_word' id='word_1_629' title='bbox 1916 2652 2051 2684; x_wconf 69' lang='lat' dir='ltr'>Triuita</span> <span class='ocrx_word' id='word_1_630' title='bbox 2067 2652 2099 2683; x_wconf 89' lang='lat' dir='ltr'>la</span> <span class='ocrx_word' id='word_1_631' title='bbox 2116 2652 2247 2685; x_wconf 86' lang='lat' dir='ltr'>illustre</span> 
     </span>
     <span class='ocr_line' id='line_1_102' title="bbox 1405 2703 2248 2740; baseline 0.004 -7"><span class='ocrx_word' id='word_1_632' title='bbox 1405 2703 1586 2740; x_wconf 86' lang='lat' dir='ltr'>duchessa,</span> <span class='ocrx_word' id='word_1_633' title='bbox 1601 2703 1668 2734; x_wconf 87' lang='lat' dir='ltr'>ella</span> <span class='ocrx_word' id='word_1_634' title='bbox 1691 2703 1869 2736; x_wconf 78' lang='lat' dir='ltr'>desmonto</span> <span class='ocrx_word' id='word_1_635' title='bbox 1893 2704 1938 2736; x_wconf 87' lang='lat' dir='ltr'>da</span> <span class='ocrx_word' id='word_1_636' title='bbox 1963 2704 2097 2736; x_wconf 88' lang='lat' dir='ltr'>cavallo</span> <span class='ocrx_word' id='word_1_637' title='bbox 2121 2705 2155 2736; x_wconf 89' lang='lat' dir='ltr'>in</span> <span class='ocrx_word' id='word_1_638' title='bbox 2180 2716 2248 2736; x_wconf 92' lang='lat' dir='ltr'>una</span> 
     </span>
     <span class='ocr_line' id='line_1_103' title="bbox 1406 2755 2248 2799; baseline 0.005 -13"><span class='ocrx_word' id='word_1_639' title='bbox 1406 2765 1485 2786; x_wconf 84' lang='lat' dir='ltr'>casa</span> <span class='ocrx_word' id='word_1_640' title='bbox 1521 2755 1564 2786; x_wconf 89' lang='lat' dir='ltr'>de</span> <span class='ocrx_word' id='word_1_641' title='bbox 1591 2756 1752 2798; x_wconf 79' lang='lat' dir='ltr'>l’egregio</span> <span class='ocrx_word' id='word_1_642' title='bbox 1787 2758 1908 2789; x_wconf 92' lang='lat' dir='ltr'>doctor</span> <span class='ocrx_word' id='word_1_643' title='bbox 1935 2758 1978 2788; x_wconf 89' lang='lat' dir='ltr'>de</span> <span class='ocrx_word' id='word_1_644' title='bbox 2012 2757 2087 2799; x_wconf 85' lang='lat' dir='ltr'>lege</span> <span class='ocrx_word' id='word_1_645' title='bbox 2123 2759 2248 2790; x_wconf 88' lang='lat' dir='ltr'>mesier</span> 
     </span>
     <span class='ocr_line' id='line_1_104' title="bbox 1406 2808 2246 2848; baseline 0.006 -10"><span class='ocrx_word' id='word_1_646' title='bbox 1406 2808 1613 2839; x_wconf 79' lang='lat' dir='ltr'>Bertolamio</span> <span class='ocrx_word' id='word_1_647' title='bbox 1639 2809 1672 2840; x_wconf 89' lang='lat' dir='ltr'>di</span> <span class='ocrx_word' id='word_1_648' title='bbox 1696 2809 1884 2848; x_wconf 84' lang='lat' dir='ltr'>Plasentin,</span> <span class='ocrx_word' id='word_1_649' title='bbox 1909 2810 2038 2841; x_wconf 86' lang='lat' dir='ltr'>vicario</span> <span class='ocrx_word' id='word_1_650' title='bbox 2064 2811 2120 2842; x_wconf 90' lang='lat' dir='ltr'>del</span> <span class='ocrx_word' id='word_1_651' title='bbox 2152 2811 2246 2843; x_wconf 85' lang='lat' dir='ltr'>dicto</span> 
     </span>
     <span class='ocr_line' id='line_1_105' title="bbox 1405 2861 2247 2903; baseline 0.007 -12"><span class='ocrx_word' id='word_1_652' title='bbox 1405 2861 1594 2903; x_wconf 80' lang='lat' dir='ltr'>magnifico</span> <span class='ocrx_word' id='word_1_653' title='bbox 1619 2862 1734 2903; x_wconf 83' lang='lat' dir='ltr'>signor</span> <span class='ocrx_word' id='word_1_654' title='bbox 1751 2863 1875 2893; x_wconf 83' lang='lat' dir='ltr'>mesier</span> <span class='ocrx_word' id='word_1_655' title='bbox 1890 2864 2087 2896; x_wconf 87' lang='lat' dir='ltr'>Francesco</span> <span class='ocrx_word' id='word_1_656' title='bbox 2103 2865 2147 2896; x_wconf 90' lang='lat' dir='ltr'>da</span> <span class='ocrx_word' id='word_1_657' title='bbox 2163 2863 2247 2896; x_wconf 85' lang='lat' dir='ltr'>Car-</span> 
     </span>
     <span class='ocr_line' id='line_1_106' title="bbox 1404 2915 2247 2951; baseline 0.007 -7"><span class='ocrx_word' id='word_1_658' title='bbox 1404 2924 1491 2945; x_wconf 85' lang='lat' dir='ltr'>rara.</span> <span class='ocrx_word' id='word_1_659' title='bbox 1538 2915 1583 2946; x_wconf 83' lang='lat' dir='ltr'>Et</span> <span class='ocrx_word' id='word_1_660' title='bbox 1606 2916 1633 2945; x_wconf 84' lang='lat' dir='ltr'>si</span> <span class='ocrx_word' id='word_1_661' title='bbox 1658 2915 1773 2947; x_wconf 78' lang='lat' dir='ltr'>monto</span> <span class='ocrx_word' id='word_1_662' title='bbox 1797 2926 1874 2947; x_wconf 90' lang='lat' dir='ltr'>suso</span> <span class='ocrx_word' id='word_1_663' title='bbox 1898 2927 1966 2947; x_wconf 86' lang='lat' dir='ltr'>una</span> <span class='ocrx_word' id='word_1_664' title='bbox 1997 2923 2131 2950; x_wconf 87' lang='lat' dir='ltr'>carreta</span> <span class='ocrx_word' id='word_1_665' title='bbox 2154 2919 2247 2951; x_wconf 89' lang='lat' dir='ltr'>lavo-</span> 
     </span>
    </p>
   </div>
   <div class='ocr_carea' id='block_1_21' title="bbox 1473 2987 1612 2992">
    <p class='ocr_par' dir='ltr' id='par_1_21' title="bbox 1473 2987 1612 2992">
     <span class='ocr_line' id='line_1_107' title="bbox 1473 2987 1612 2992; baseline 0 0"><span class='ocrx_word' id='word_1_666' title='bbox 1473 2987 1612 2992; x_wconf 95' lang='lat' dir='ltr'> </span> 
     </span>
    </p>
   </div>
   <div class='ocr_carea' id='block_1_22' title="bbox 1491 3032 1739 3063">
    <p class='ocr_par' dir='ltr' id='par_1_22' title="bbox 1491 3032 1739 3063">
     <span class='ocr_line' id='line_1_108' title="bbox 1491 3032 1739 3063; baseline 0.004 -8"><span class='ocrx_word' id='word_1_667' title='bbox 1491 3038 1532 3063; x_wconf 83' lang='lat'>30.</span> <span class='ocrx_word' id='word_1_668' title='bbox 1552 3032 1656 3056; x_wconf 83' lang='lat' dir='ltr'>desudo</span> <span class='ocrx_word' id='word_1_669' title='bbox 1676 3034 1703 3057; x_wconf 89' lang='lat' dir='ltr'><em>P</em></span> <span class='ocrx_word' id='word_1_670' title='bbox 1710 3034 1739 3056; x_wconf 89' lang='lat' dir='ltr'><em>E</em></span> 
     </span>
    </p>
   </div>
  </div>
 </body>
</html>
