<?xml version="1.0" encoding="UTF-8"?>
<!DOCTYPE html PUBLIC "-//W3C//DTD XHTML 1.0 Transitional//EN"
    "http://www.w3.org/TR/xhtml1/DTD/xhtml1-transitional.dtd">
<html xmlns="http://www.w3.org/1999/xhtml" xml:lang="en" lang="en">
 <head>
  <title>
</title>
<meta http-equiv="Content-Type" content="text/html;charset=utf-8" />
  <meta name='ocr-system' content='tesseract 3.04.00' />
  <meta name='ocr-capabilities' content='ocr_page ocr_carea ocr_par ocr_line ocrx_word'/>
</head>
<body>
  <div class='ocr_page' id='page_1' title='image "./p1f11rerumitalica17murauoft_0147.png"; bbox 0 0 2422 3684; ppageno 0'>
   <div class='ocr_carea' id='block_1_1' title="bbox 485 227 1615 264">
    <p class='ocr_par' dir='ltr' id='par_1_1' title="bbox 485 227 1615 264">
     <span class='ocr_line' id='line_1_1' title="bbox 485 227 1615 264; baseline 0 -3"><span class='ocrx_word' id='word_1_1' title='bbox 485 227 653 262; x_wconf 88' lang='lat' dir='ltr'>GESTA</span> <span class='ocrx_word' id='word_1_2' title='bbox 682 227 981 262; x_wconf 83' lang='lat' dir='ltr'><strong>MAGNIFICA</strong></span> <span class='ocrx_word' id='word_1_3' title='bbox 1010 227 1193 262; x_wconf 90' lang='lat' dir='ltr'>DOMUS</span> <span class='ocrx_word' id='word_1_4' title='bbox 1224 227 1615 264; x_wconf 81' lang='lat' dir='ltr'><strong>CARRARIENSIS</strong></span> 
     </span>
    </p>
   </div>
   <div class='ocr_carea' id='block_1_2' title="bbox 481 361 682 395">
    <p class='ocr_par' dir='ltr' id='par_1_2' title="bbox 481 361 682 395">
     <span class='ocr_line' id='line_1_2' title="bbox 481 361 682 395; baseline 0.01 -2"><span class='ocrx_word' id='word_1_5' title='bbox 481 362 622 394; x_wconf 66' lang='lat' dir='ltr'><strong>REnAz.</strong></span> <span class='ocrx_word' id='word_1_6' title='bbox 648 361 682 395; x_wconf 86' lang='lat' dir='ltr'><em>A</em></span> 
     </span>
    </p>
   </div>
   <div class='ocr_carea' id='block_1_3' title="bbox 154 433 1005 2081">
    <p class='ocr_par' dir='ltr' id='par_1_3' title="bbox 154 433 1005 2081">
     <span class='ocr_line' id='line_1_3' title="bbox 157 433 1005 473; baseline 0.004 -9"><span class='ocrx_word' id='word_1_7' title='bbox 157 433 399 465; x_wconf 87' lang='lat' dir='ltr'>Tridentinam</span> <span class='ocrx_word' id='word_1_8' title='bbox 447 433 661 468; x_wconf 78' lang='lat' dir='ltr'>invadebant</span> <span class='ocrx_word' id='word_1_9' title='bbox 698 436 885 473; x_wconf 81' lang='lat' dir='ltr'>civitatem,</span> <span class='ocrx_word' id='word_1_10' title='bbox 932 437 1005 469; x_wconf 85' lang='lat' dir='ltr'>eius</span> 
     </span>
     <span class='ocr_line' id='line_1_4' title="bbox 157 490 1004 532; baseline -0.001 -9"><span class='ocrx_word' id='word_1_11' title='bbox 157 491 256 524; x_wconf 81' lang='lat' dir='ltr'>villas</span> <span class='ocrx_word' id='word_1_12' title='bbox 273 497 308 523; x_wconf 84' lang='lat' dir='ltr'>et</span> <span class='ocrx_word' id='word_1_13' title='bbox 324 497 455 527; x_wconf 86' lang='lat' dir='ltr'>castra;</span> <span class='ocrx_word' id='word_1_14' title='bbox 472 490 599 522; x_wconf 87' lang='lat' dir='ltr'>civium</span> <span class='ocrx_word' id='word_1_15' title='bbox 618 496 653 522; x_wconf 92' lang='lat' dir='ltr'>et</span> <span class='ocrx_word' id='word_1_16' title='bbox 668 491 852 532; x_wconf 72' lang='lat' dir='ltr'>agrestium</span> <span class='ocrx_word' id='word_1_17' title='bbox 878 490 1004 522; x_wconf 86' lang='lat' dir='ltr'>fiebant</span> 
     </span>
     <span class='ocr_line' id='line_1_5' title="bbox 158 543 1001 585; baseline -0.001 -9"><span class='ocrx_word' id='word_1_18' title='bbox 158 545 347 585; x_wconf 84' lang='lat' dir='ltr'>capciones</span> <span class='ocrx_word' id='word_1_19' title='bbox 371 550 405 576; x_wconf 89' lang='lat' dir='ltr'>et</span> <span class='ocrx_word' id='word_1_20' title='bbox 427 543 622 575; x_wconf 82' lang='lat' dir='ltr'>animalium</span> <span class='ocrx_word' id='word_1_21' title='bbox 646 544 855 584; x_wconf 78' lang='lat' dir='ltr'>permaxime</span> <span class='ocrx_word' id='word_1_22' title='bbox 880 544 1001 585; x_wconf 88' lang='lat' dir='ltr'>prede:</span> 
     </span>
     <span class='ocr_line' id='line_1_6' title="bbox 157 598 1004 639; baseline -0.001 -8"><span class='ocrx_word' id='word_1_23' title='bbox 157 599 424 631; x_wconf 85' lang='lat' dir='ltr'><strong>obstruebantur</strong></span> <span class='ocrx_word' id='word_1_24' title='bbox 457 598 707 630; x_wconf 81' lang='lat' dir='ltr'>mercatoribus</span> <span class='ocrx_word' id='word_1_25' title='bbox 741 598 876 638; x_wconf 83' lang='lat' dir='ltr'>itinera,</span> <span class='ocrx_word' id='word_1_26' title='bbox 911 599 1004 639; x_wconf 86' lang='lat' dir='ltr'>quod</span> 
     </span>
     <span class='ocr_line' id='line_1_7' title="bbox 160 651 1002 693; baseline -0.002 -9"><span class='ocrx_word' id='word_1_27' title='bbox 160 653 206 684; x_wconf 87' lang='lat' dir='ltr'>ad</span> <span class='ocrx_word' id='word_1_28' title='bbox 237 652 371 693; x_wconf 69' lang='lat' dir='ltr'>grande</span> <span class='ocrx_word' id='word_1_29' title='bbox 403 651 526 683; x_wconf 87' lang='lat' dir='ltr'>incolis</span> <span class='ocrx_word' id='word_1_30' title='bbox 557 652 741 692; x_wconf 78' lang='lat' dir='ltr'>dampnum</span> <span class='ocrx_word' id='word_1_31' title='bbox 774 651 1002 682; x_wconf 77' lang='lat' dir='ltr'>redundabat.</span> 
     </span>
     <span class='ocr_line' id='line_1_8' title="bbox 159 703 1002 746; baseline -0.004 -9"><span class='ocrx_word' id='word_1_32' title='bbox 159 705 325 738; x_wconf 88' lang='lat' dir='ltr'>Similiter</span> <span class='ocrx_word' id='word_1_33' title='bbox 348 711 382 737; x_wconf 89' lang='lat' dir='ltr'>et</span> <span class='ocrx_word' id='word_1_34' title='bbox 404 705 601 736; x_wconf 86' lang='lat' dir='ltr'>Tridentini</span> <span class='ocrx_word' id='word_1_35' title='bbox 619 715 695 736; x_wconf 89' lang='lat' dir='ltr'>cum</span> <span class='ocrx_word' id='word_1_36' title='bbox 717 703 878 746; x_wconf 78' lang='lat' dir='ltr'>gentibus</span> <span class='ocrx_word' id='word_1_37' title='bbox 895 704 1002 736; x_wconf 90' lang='lat' dir='ltr'>domi-</span> 
     </span>
     <span class='ocr_line' id='line_1_9' title="bbox 157 757 1004 799; baseline -0.005 -8"><span class='ocrx_word' id='word_1_38' title='bbox 157 769 277 791; x_wconf 87' lang='lat' dir='ltr'>norum</span> <span class='ocrx_word' id='word_1_39' title='bbox 303 758 453 795; x_wconf 82' lang='lat' dir='ltr'>Verone,</span> <span class='ocrx_word' id='word_1_40' title='bbox 481 757 804 799; x_wconf 69' lang='lat' dir='ltr'>Brandeburgensis</span> <span class='ocrx_word' id='word_1_41' title='bbox 835 757 1004 788; x_wconf 79' lang='lat' dir='ltr'>marchio-</span> 
     </span>
     <span class='ocr_line' id='line_1_10' title="bbox 156 811 1002 853; baseline -0.001 -10"><span class='ocrx_word' id='word_1_42' title='bbox 156 812 209 843; x_wconf 88' lang='lat' dir='ltr'>nis</span> <span class='ocrx_word' id='word_1_43' title='bbox 232 818 266 844; x_wconf 92' lang='lat' dir='ltr'>et</span> <span class='ocrx_word' id='word_1_44' title='bbox 294 812 434 843; x_wconf 53' lang='lat' dir='ltr'>liavarie</span> <span class='ocrx_word' id='word_1_45' title='bbox 453 812 578 843; x_wconf 89' lang='lat' dir='ltr'>ducum</span> <span class='ocrx_word' id='word_1_46' title='bbox 603 817 716 842; x_wconf 83' lang='lat' dir='ltr'>castra</span> <span class='ocrx_word' id='word_1_47' title='bbox 739 812 813 852; x_wconf 80' lang='lat' dir='ltr'>ipsa</span> <span class='ocrx_word' id='word_1_48' title='bbox 837 811 1002 853; x_wconf 73' lang='lat' dir='ltr'>Percinis,</span> 
     </span>
     <span class='ocr_line' id='line_1_11' title="bbox 159 864 1004 905; baseline -0.002 -8"><span class='ocrx_word' id='word_1_49' title='bbox 159 865 264 901; x_wconf 79' lang='lat' dir='ltr'>Silve,</span> <span class='ocrx_word' id='word_1_50' title='bbox 286 865 410 905; x_wconf 61' lang='lat' dir='ltr'>Levigi</span> <span class='ocrx_word' id='word_1_51' title='bbox 435 871 468 897; x_wconf 93' lang='lat' dir='ltr'>et</span> <span class='ocrx_word' id='word_1_52' title='bbox 490 864 729 896; x_wconf 82' lang='lat' dir='ltr'>Rochabrune</span> <span class='ocrx_word' id='word_1_53' title='bbox 754 864 883 896; x_wconf 82' lang='lat' dir='ltr'>viribus</span> <span class='ocrx_word' id='word_1_54' title='bbox 914 875 1004 895; x_wconf 86' lang='lat' dir='ltr'>sum-</span> 
     </span>
     <span class='ocr_line' id='line_1_12' title="bbox 155 918 1002 955; baseline -0.004 -4"><span class='ocrx_word' id='word_1_55' title='bbox 155 920 219 951; x_wconf 86' lang='lat' dir='ltr'>mis</span> <span class='ocrx_word' id='word_1_56' title='bbox 246 919 469 955; x_wconf 76' lang='lat' dir='ltr'>infestabant,</span> <span class='ocrx_word' id='word_1_57' title='bbox 502 919 677 950; x_wconf 87' lang='lat' dir='ltr'>hominum</span> <span class='ocrx_word' id='word_1_58' title='bbox 705 919 909 955; x_wconf 83' lang='lat' dir='ltr'>occisiones,</span> <span class='ocrx_word' id='word_1_59' title='bbox 940 918 1002 949; x_wconf 94' lang='lat' dir='ltr'>vil-</span> 
     </span>
     <span class='ocr_line' id='line_1_13' title="bbox 154 971 1000 1004; baseline -0.002 -1"><span class='ocrx_word' id='word_1_60' title='bbox 154 972 263 1004; x_wconf 84' lang='lat' dir='ltr'>larum</span> <span class='ocrx_word' id='word_1_61' title='bbox 298 972 461 1003; x_wconf 85' lang='lat' dir='ltr'>incendia</span> <span class='ocrx_word' id='word_1_62' title='bbox 493 973 718 1003; x_wconf 86' lang='lat' dir='ltr'>comictentes</span> <span class='ocrx_word' id='word_1_63' title='bbox 749 978 783 1003; x_wconf 88' lang='lat' dir='ltr'>et</span> <span class='ocrx_word' id='word_1_64' title='bbox 805 971 1000 1003; x_wconf 81' lang='lat' dir='ltr'>animalium</span> 
     </span>
     <span class='ocr_line' id='line_1_14' title="bbox 154 1024 1004 1066; baseline -0.002 -9"><span class='ocrx_word' id='word_1_65' title='bbox 154 1025 302 1066; x_wconf 71' lang='lat' dir='ltr'>rapinae.</span> <span class='ocrx_word' id='word_1_66' title='bbox 334 1025 516 1066; x_wconf 80' lang='lat' dir='ltr'>Utrimque</span> <span class='ocrx_word' id='word_1_67' title='bbox 534 1025 692 1066; x_wconf 76' lang='lat' dir='ltr'>quotidie</span> <span class='ocrx_word' id='word_1_68' title='bbox 707 1025 920 1056; x_wconf 76' lang='lat' dir='ltr'>scaramucie</span> <span class='ocrx_word' id='word_1_69' title='bbox 941 1024 1004 1055; x_wconf 80' lang='lat' dir='ltr'>fie-</span> 
     </span>
     <span class='ocr_line' id='line_1_15' title="bbox 154 1079 1002 1119; baseline -0.002 -9"><span class='ocrx_word' id='word_1_70' title='bbox 154 1079 238 1111; x_wconf 82' lang='lat' dir='ltr'>bant</span> <span class='ocrx_word' id='word_1_71' title='bbox 261 1084 295 1110; x_wconf 91' lang='lat' dir='ltr'>et</span> <span class='ocrx_word' id='word_1_72' title='bbox 319 1079 509 1114; x_wconf 78' lang='lat' dir='ltr'>cavalcate,</span> <span class='ocrx_word' id='word_1_73' title='bbox 535 1089 627 1110; x_wconf 86' lang='lat' dir='ltr'>nunc</span> <span class='ocrx_word' id='word_1_74' title='bbox 651 1079 760 1119; x_wconf 84' lang='lat' dir='ltr'>partis</span> <span class='ocrx_word' id='word_1_75' title='bbox 784 1079 893 1114; x_wconf 84' lang='lat' dir='ltr'>unius,</span> <span class='ocrx_word' id='word_1_76' title='bbox 910 1088 1002 1109; x_wconf 89' lang='lat' dir='ltr'>nnnc</span> 
     </span>
     <span class='ocr_line' id='line_1_16' title="bbox 155 1131 1000 1167; baseline -0.001 -5"><span class='ocrx_word' id='word_1_77' title='bbox 155 1131 295 1163; x_wconf 77' lang='lat' dir='ltr'>alterius</span> <span class='ocrx_word' id='word_1_78' title='bbox 308 1131 446 1167; x_wconf 89' lang='lat' dir='ltr'>damno,</span> <span class='ocrx_word' id='word_1_79' title='bbox 462 1137 496 1163; x_wconf 84' lang='lat' dir='ltr'>et</span> <span class='ocrx_word' id='word_1_80' title='bbox 511 1131 683 1162; x_wconf 85' lang='lat' dir='ltr'>interdum</span> <span class='ocrx_word' id='word_1_81' title='bbox 703 1131 811 1166; x_wconf 77' lang='lat' dir='ltr'>huius.</span> <span class='ocrx_word' id='word_1_82' title='bbox 828 1131 1000 1162; x_wconf 89' lang='lat' dir='ltr'>interdum</span> 
     </span>
     <span class='ocr_line' id='line_1_17' title="bbox 155 1184 1003 1216; baseline 0 -1"><span class='ocrx_word' id='word_1_83' title='bbox 155 1184 245 1216; x_wconf 86' lang='lat' dir='ltr'>illius</span> <span class='ocrx_word' id='word_1_84' title='bbox 268 1184 363 1216; x_wconf 83' lang='lat' dir='ltr'>exitu</span> <span class='ocrx_word' id='word_1_85' title='bbox 388 1184 496 1216; x_wconf 81' lang='lat' dir='ltr'>felici.</span> <span class='ocrx_word' id='word_1_86' title='bbox 543 1185 680 1216; x_wconf 70' lang='lat' dir='ltr'>interim</span> <span class='ocrx_word' id='word_1_87' title='bbox 707 1190 818 1216; x_wconf 78' lang='lat' dir='ltr'>autem</span> <span class='ocrx_word' id='word_1_88' title='bbox 843 1184 1003 1216; x_wconf 87' lang='lat' dir='ltr'>dominus</span> 
     </span>
     <span class='ocr_line' id='line_1_18' title="bbox 155 1237 1003 1279; baseline -0.002 -10"><span class='ocrx_word' id='word_1_89' title='bbox 155 1238 266 1269; x_wconf 81' lang='lat' dir='ltr'>Xicus</span> <span class='ocrx_word' id='word_1_90' title='bbox 289 1238 406 1269; x_wconf 85' lang='lat' dir='ltr'>senior</span> <span class='ocrx_word' id='word_1_91' title='bbox 438 1239 551 1269; x_wconf 86' lang='lat' dir='ltr'>neutri</span> <span class='ocrx_word' id='word_1_92' title='bbox 584 1238 738 1279; x_wconf 87' lang='lat' dir='ltr'>parcium</span> <span class='ocrx_word' id='word_1_93' title='bbox 772 1237 921 1273; x_wconf 84' lang='lat' dir='ltr'>favebat,</span> <span class='ocrx_word' id='word_1_94' title='bbox 951 1237 1003 1268; x_wconf 85' lang='lat' dir='ltr'>in-</span> 
     </span>
     <span class='ocr_line' id='line_1_19' title="bbox 156 1291 1003 1333; baseline -0.001 -11"><span class='ocrx_word' id='word_1_95' title='bbox 156 1291 329 1323; x_wconf 80' lang='lat' dir='ltr'>differens</span> <span class='ocrx_word' id='word_1_96' title='bbox 364 1291 545 1333; x_wconf 75' lang='lat' dir='ltr'>equaliter,</span> <span class='ocrx_word' id='word_1_97' title='bbox 580 1297 617 1322; x_wconf 88' lang='lat' dir='ltr'>ut</span> <span class='ocrx_word' id='word_1_98' title='bbox 656 1291 871 1323; x_wconf 76' lang='lat' dir='ltr'>ostendebat.</span> <span class='ocrx_word' id='word_1_99' title='bbox 918 1291 1003 1322; x_wconf 80' lang='lat' dir='ltr'>Erat</span> 
     </span>
     <span class='ocr_line' id='line_1_20' title="bbox 156 1343 1003 1385; baseline -0.002 -9"><span class='ocrx_word' id='word_1_100' title='bbox 156 1350 271 1376; x_wconf 86' lang='lat' dir='ltr'>tamen</span> <span class='ocrx_word' id='word_1_101' title='bbox 296 1345 370 1385; x_wconf 82' lang='lat' dir='ltr'>ipse</span> <span class='ocrx_word' id='word_1_102' title='bbox 394 1344 554 1376; x_wconf 69' lang='lat' dir='ltr'>dominus</span> <span class='ocrx_word' id='word_1_103' title='bbox 571 1345 705 1376; x_wconf 73' lang='lat' dir='ltr'>Xiclius</span> <span class='ocrx_word' id='word_1_104' title='bbox 722 1345 879 1375; x_wconf 84' lang='lat' dir='ltr'>subditus</span> <span class='ocrx_word' id='word_1_105' title='bbox 894 1343 1003 1374; x_wconf 82' lang='lat' dir='ltr'>Bran-</span> 
     </span>
     <span class='ocr_line' id='line_1_21' title="bbox 157 1397 1003 1438; baseline -0.001 -9"><span class='ocrx_word' id='word_1_106' title='bbox 157 1397 387 1438; x_wconf 66' lang='lat' dir='ltr'>deburgensis</span> <span class='ocrx_word' id='word_1_107' title='bbox 411 1398 636 1434; x_wconf 82' lang='lat' dir='ltr'>marchionis,</span> <span class='ocrx_word' id='word_1_108' title='bbox 658 1404 709 1430; x_wconf 86' lang='lat' dir='ltr'>set</span> <span class='ocrx_word' id='word_1_109' title='bbox 740 1399 869 1430; x_wconf 78' lang='lat' dir='ltr'>factum</span> <span class='ocrx_word' id='word_1_110' title='bbox 898 1408 1003 1429; x_wconf 76' lang='lat' dir='ltr'>excu-</span> 
     </span>
     <span class='ocr_line' id='line_1_22' title="bbox 157 1450 1003 1494; baseline -0.002 -12"><span class='ocrx_word' id='word_1_111' title='bbox 157 1451 263 1492; x_wconf 82' lang='lat' dir='ltr'>sabat,</span> <span class='ocrx_word' id='word_1_112' title='bbox 299 1452 403 1492; x_wconf 86' lang='lat' dir='ltr'>quod,</span> <span class='ocrx_word' id='word_1_113' title='bbox 435 1452 462 1482; x_wconf 83' lang='lat' dir='ltr'>si</span> <span class='ocrx_word' id='word_1_114' title='bbox 499 1457 621 1493; x_wconf 65' lang='lat' dir='ltr'>gentes</span> <span class='ocrx_word' id='word_1_115' title='bbox 656 1451 837 1494; x_wconf 71' lang='lat' dir='ltr'>magnifici</span> <span class='ocrx_word' id='word_1_116' title='bbox 874 1450 1003 1482; x_wconf 87' lang='lat' dir='ltr'>domini</span> 
     </span>
     <span class='ocr_line' id='line_1_23' title="bbox 156 1504 1001 1547; baseline -0.002 -11"><span class='ocrx_word' id='word_1_117' title='bbox 156 1505 334 1537; x_wconf 85' lang='lat' dir='ltr'>Francisci</span> <span class='ocrx_word' id='word_1_118' title='bbox 359 1505 570 1546; x_wconf 81' lang='lat' dir='ltr'>inquietaret</span> <span class='ocrx_word' id='word_1_119' title='bbox 594 1512 651 1537; x_wconf 79' lang='lat' dir='ltr'>aut</span> <span class='ocrx_word' id='word_1_120' title='bbox 677 1505 711 1536; x_wconf 81' lang='lat' dir='ltr'>in</span> <span class='ocrx_word' id='word_1_121' title='bbox 739 1504 911 1547; x_wconf 77' lang='lat' dir='ltr'>aliquibus</span> <span class='ocrx_word' id='word_1_122' title='bbox 940 1505 1001 1535; x_wconf 87' lang='lat' dir='ltr'>im-</span> 
     </span>
     <span class='ocr_line' id='line_1_24' title="bbox 157 1558 1004 1599; baseline -0.002 -10"><span class='ocrx_word' id='word_1_123' title='bbox 157 1559 306 1599; x_wconf 86' lang='lat' dir='ltr'>pediret,</span> <span class='ocrx_word' id='word_1_124' title='bbox 330 1569 406 1590; x_wconf 90' lang='lat' dir='ltr'>cum</span> <span class='ocrx_word' id='word_1_125' title='bbox 431 1558 495 1590; x_wconf 87' lang='lat' dir='ltr'>sibi</span> <span class='ocrx_word' id='word_1_126' title='bbox 521 1558 655 1590; x_wconf 86' lang='lat' dir='ltr'>vicinus</span> <span class='ocrx_word' id='word_1_127' title='bbox 680 1558 862 1599; x_wconf 63' lang='lat' dir='ltr'>contiguus</span> <span class='ocrx_word' id='word_1_128' title='bbox 881 1558 1004 1589; x_wconf 76' lang='lat' dir='ltr'>existat</span> 
     </span>
     <span class='ocr_line' id='line_1_25' title="bbox 158 1611 1005 1653; baseline -0.001 -10"><span class='ocrx_word' id='word_1_129' title='bbox 158 1617 193 1643; x_wconf 86' lang='lat' dir='ltr'>et</span> <span class='ocrx_word' id='word_1_130' title='bbox 213 1611 344 1643; x_wconf 83' lang='lat' dir='ltr'>viribus</span> <span class='ocrx_word' id='word_1_131' title='bbox 368 1612 489 1653; x_wconf 77' lang='lat' dir='ltr'>impar,</span> <span class='ocrx_word' id='word_1_132' title='bbox 514 1623 615 1653; x_wconf 72' lang='lat' dir='ltr'>posse</span> <span class='ocrx_word' id='word_1_133' title='bbox 634 1613 676 1643; x_wconf 74' lang='lat' dir='ltr'>de</span> <span class='ocrx_word' id='word_1_134' title='bbox 695 1612 790 1644; x_wconf 81' lang='lat' dir='ltr'>facili</span> <span class='ocrx_word' id='word_1_135' title='bbox 809 1612 858 1642; x_wconf 82' lang='lat' dir='ltr'>sui</span> <span class='ocrx_word' id='word_1_136' title='bbox 878 1618 910 1642; x_wconf 77' lang='lat' dir='ltr'>et</span> <span class='ocrx_word' id='word_1_137' title='bbox 926 1621 1005 1642; x_wconf 86' lang='lat' dir='ltr'>suo-</span> 
     </span>
     <span class='ocr_line' id='line_1_26' title="bbox 158 1665 1005 1705; baseline -0.004 -9"><span class='ocrx_word' id='word_1_138' title='bbox 158 1677 231 1697; x_wconf 88' lang='lat' dir='ltr'>rum</span> <span class='ocrx_word' id='word_1_139' title='bbox 257 1676 453 1705; x_wconf 79' lang='lat' dir='ltr'>supremum</span> <span class='ocrx_word' id='word_1_140' title='bbox 473 1665 645 1697; x_wconf 80' lang='lat' dir='ltr'>excidium</span> <span class='ocrx_word' id='word_1_141' title='bbox 663 1666 853 1696; x_wconf 72' lang='lat' dir='ltr'>incurrere.</span> <span class='ocrx_word' id='word_1_142' title='bbox 878 1665 1005 1704; x_wconf 77' lang='lat' dir='ltr'>Sicque</span> 
     </span>
     <span class='ocr_line' id='line_1_27' title="bbox 159 1717 1004 1760; baseline -0.004 -10"><span class='ocrx_word' id='word_1_143' title='bbox 159 1719 218 1750; x_wconf 87' lang='lat' dir='ltr'>diu</span> <span class='ocrx_word' id='word_1_144' title='bbox 234 1724 367 1759; x_wconf 83' lang='lat' dir='ltr'>partem</span> <span class='ocrx_word' id='word_1_145' title='bbox 383 1719 474 1750; x_wconf 87' lang='lat' dir='ltr'>inter</span> <span class='ocrx_word' id='word_1_146' title='bbox 491 1725 671 1760; x_wconf 73' lang='lat' dir='ltr'>utramque</span> <span class='ocrx_word' id='word_1_147' title='bbox 690 1719 782 1750; x_wconf 79' lang='lat' dir='ltr'>stetit</span> <span class='ocrx_word' id='word_1_148' title='bbox 798 1719 830 1749; x_wconf 89' lang='lat' dir='ltr'>in</span> <span class='ocrx_word' id='word_1_149' title='bbox 849 1717 1004 1758; x_wconf 80' lang='lat' dir='ltr'>ancipiti:</span> 
     </span>
     <span class='ocr_line' id='line_1_28' title="bbox 157 1770 1005 1807; baseline -0.005 -3"><span class='ocrx_word' id='word_1_150' title='bbox 157 1772 220 1804; x_wconf 88' lang='lat' dir='ltr'>sed</span> <span class='ocrx_word' id='word_1_151' title='bbox 244 1772 383 1804; x_wconf 85' lang='lat' dir='ltr'>tandem</span> <span class='ocrx_word' id='word_1_152' title='bbox 410 1782 470 1803; x_wconf 87' lang='lat' dir='ltr'>seu</span> <span class='ocrx_word' id='word_1_153' title='bbox 502 1773 551 1803; x_wconf 88' lang='lat' dir='ltr'>sic</span> <span class='ocrx_word' id='word_1_154' title='bbox 585 1773 686 1807; x_wconf 71' lang='lat' dir='ltr'>foret,</span> <span class='ocrx_word' id='word_1_155' title='bbox 719 1778 755 1803; x_wconf 87' lang='lat' dir='ltr'>ut</span> <span class='ocrx_word' id='word_1_156' title='bbox 788 1770 1005 1807; x_wconf 78' lang='lat' dir='ltr'>ostendebat,</span> 
     </span>
     <span class='ocr_line' id='line_1_29' title="bbox 158 1823 1004 1865; baseline -0.002 -9"><span class='ocrx_word' id='word_1_157' title='bbox 158 1835 218 1856; x_wconf 89' lang='lat' dir='ltr'>seu</span> <span class='ocrx_word' id='word_1_158' title='bbox 243 1825 327 1857; x_wconf 82' lang='lat' dir='ltr'>ficta</span> <span class='ocrx_word' id='word_1_159' title='bbox 351 1825 539 1857; x_wconf 83' lang='lat' dir='ltr'>adinventa</span> <span class='ocrx_word' id='word_1_160' title='bbox 564 1836 677 1862; x_wconf 77' lang='lat' dir='ltr'>cansa,</span> <span class='ocrx_word' id='word_1_161' title='bbox 695 1831 740 1857; x_wconf 76' lang='lat' dir='ltr'>ut,</span> <span class='ocrx_word' id='word_1_162' title='bbox 760 1825 799 1856; x_wconf 86' lang='lat' dir='ltr'>ad</span> <span class='ocrx_word' id='word_1_163' title='bbox 819 1824 912 1865; x_wconf 81' lang='lat' dir='ltr'>quod</span> <span class='ocrx_word' id='word_1_164' title='bbox 930 1823 1004 1855; x_wconf 78' lang='lat' dir='ltr'>ani—</span> 
     </span>
     <span class='ocr_line' id='line_1_30' title="bbox 158 1878 1004 1919; baseline 0 -10"><span class='ocrx_word' id='word_1_165' title='bbox 158 1890 248 1909; x_wconf 90' lang='lat' dir='ltr'>mum</span> <span class='ocrx_word' id='word_1_166' title='bbox 274 1878 305 1909; x_wconf 90' lang='lat' dir='ltr'>in</span> <span class='ocrx_word' id='word_1_167' title='bbox 332 1885 504 1919; x_wconf 86' lang='lat' dir='ltr'>posterum</span> <span class='ocrx_word' id='word_1_168' title='bbox 532 1878 684 1916; x_wconf 78' lang='lat' dir='ltr'>deflexit,</span> <span class='ocrx_word' id='word_1_169' title='bbox 716 1879 879 1909; x_wconf 78' lang='lat' dir='ltr'>licentius</span> <span class='ocrx_word' id='word_1_170' title='bbox 902 1879 1004 1909; x_wconf 89' lang='lat' dir='ltr'>deve-</span> 
     </span>
     <span class='ocr_line' id='line_1_31' title="bbox 158 1931 1004 1973; baseline -0.002 -10"><span class='ocrx_word' id='word_1_171' title='bbox 158 1931 258 1970; x_wconf 82' lang='lat' dir='ltr'>niret,</span> <span class='ocrx_word' id='word_1_172' title='bbox 281 1932 420 1963; x_wconf 83' lang='lat' dir='ltr'>licteras</span> <span class='ocrx_word' id='word_1_173' title='bbox 443 1933 632 1973; x_wconf 66' lang='lat' dir='ltr'>magnifico</span> <span class='ocrx_word' id='word_1_174' title='bbox 649 1932 834 1963; x_wconf 70' lang='lat' dir='ltr'>Francisco</span> <span class='ocrx_word' id='word_1_175' title='bbox 861 1933 903 1961; x_wconf 85' lang='lat' dir='ltr'>de</span> <span class='ocrx_word' id='word_1_176' title='bbox 920 1931 1004 1963; x_wconf 81' lang='lat' dir='ltr'>Car-</span> 
     </span>
     <span class='ocr_line' id='line_1_32' title="bbox 156 1985 1004 2027; baseline -0.002 -10"><span class='ocrx_word' id='word_1_177' title='bbox 156 1985 247 2017; x_wconf 83' lang='lat' dir='ltr'>raria</span> <span class='ocrx_word' id='word_1_178' title='bbox 263 1985 306 2017; x_wconf 91' lang='lat' dir='ltr'>de</span> <span class='ocrx_word' id='word_1_179' title='bbox 323 1985 430 2026; x_wconf 87' lang='lat' dir='ltr'>ipsius</span> <span class='ocrx_word' id='word_1_180' title='bbox 447 1985 609 2027; x_wconf 74' lang='lat' dir='ltr'>gentibus</span> <span class='ocrx_word' id='word_1_181' title='bbox 625 1985 761 2026; x_wconf 73' lang='lat' dir='ltr'>scripsit</span> <span class='ocrx_word' id='word_1_182' title='bbox 774 1985 1004 2026; x_wconf 81' lang='lat' dir='ltr'>querelantes.</span> 
     </span>
     <span class='ocr_line' id='line_1_33' title="bbox 159 2039 1005 2081; baseline -0.004 -10"><span class='ocrx_word' id='word_1_183' title='bbox 159 2040 251 2081; x_wconf 89' lang='lat' dir='ltr'>quod</span> <span class='ocrx_word' id='word_1_184' title='bbox 275 2050 413 2071; x_wconf 89' lang='lat' dir='ltr'>suorum</span> <span class='ocrx_word' id='word_1_185' title='bbox 439 2039 555 2071; x_wconf 82' lang='lat' dir='ltr'>incole</span> <span class='ocrx_word' id='word_1_186' title='bbox 587 2039 741 2071; x_wconf 81' lang='lat' dir='ltr'>locorum</span> <span class='ocrx_word' id='word_1_187' title='bbox 777 2044 886 2070; x_wconf 72' lang='lat' dir='ltr'>castra</span> <span class='ocrx_word' id='word_1_188' title='bbox 912 2039 1005 2069; x_wconf 79' lang='lat' dir='ltr'>exire</span> 
     </span>
    </p>
   </div>
   <div class='ocr_carea' id='block_1_4' title="bbox 158 2093 1038 2134">
    <p class='ocr_par' dir='ltr' id='par_1_4' title="bbox 158 2093 1038 2134">
     <span class='ocr_line' id='line_1_34' title="bbox 158 2093 1038 2134; baseline -0.002 -10"><span class='ocrx_word' id='word_1_189' title='bbox 158 2104 228 2125; x_wconf 89' lang='lat' dir='ltr'>non</span> <span class='ocrx_word' id='word_1_190' title='bbox 252 2098 424 2134; x_wconf 75' lang='lat' dir='ltr'>poterant,</span> <span class='ocrx_word' id='word_1_191' title='bbox 453 2093 534 2134; x_wconf 87' lang='lat' dir='ltr'>quin</span> <span class='ocrx_word' id='word_1_192' title='bbox 566 2105 645 2124; x_wconf 79' lang='lat' dir='ltr'>mox</span> <span class='ocrx_word' id='word_1_193' title='bbox 677 2093 940 2129; x_wconf 76' lang='lat' dir='ltr'>derobarentur,</span> <span class='ocrx_word' id='word_1_194' title='bbox 972 2098 1006 2123; x_wconf 87' lang='lat' dir='ltr'>et</span> <span class='ocrx_word' id='word_1_195' title='bbox 1037 2121 1038 2128; x_wconf 63' lang='grc'>,</span> 
     </span>
    </p>
   </div>
   <div class='ocr_carea' id='block_1_5' title="bbox 157 2146 1004 2295">
    <p class='ocr_par' dir='ltr' id='par_1_5' title="bbox 157 2146 1004 2295">
     <span class='ocr_line' id='line_1_35' title="bbox 157 2146 1004 2188; baseline -0.001 -10"><span class='ocrx_word' id='word_1_196' title='bbox 157 2146 273 2188; x_wconf 85' lang='lat' dir='ltr'>sepius</span> <span class='ocrx_word' id='word_1_197' title='bbox 298 2146 513 2178; x_wconf 80' lang='lat' dir='ltr'>ducebantur</span> <span class='ocrx_word' id='word_1_198' title='bbox 536 2146 571 2177; x_wconf 90' lang='lat' dir='ltr'>in</span> <span class='ocrx_word' id='word_1_199' title='bbox 597 2146 842 2188; x_wconf 77' lang='lat' dir='ltr'>captivitatem,</span> <span class='ocrx_word' id='word_1_200' title='bbox 861 2152 894 2177; x_wconf 83' lang='lat' dir='ltr'>et</span> <span class='ocrx_word' id='word_1_201' title='bbox 911 2146 1004 2187; x_wconf 84' lang='lat' dir='ltr'>quod</span> 
     </span>
     <span class='ocr_line' id='line_1_36' title="bbox 157 2200 1004 2243; baseline -0.004 -10"><span class='ocrx_word' id='word_1_202' title='bbox 157 2213 218 2233; x_wconf 85' lang='lat' dir='ltr'>sua</span> <span class='ocrx_word' id='word_1_203' title='bbox 255 2207 289 2233; x_wconf 92' lang='lat' dir='ltr'>et</span> <span class='ocrx_word' id='word_1_204' title='bbox 323 2211 461 2233; x_wconf 77' lang='lat' dir='ltr'>suorum</span> <span class='ocrx_word' id='word_1_205' title='bbox 502 2202 664 2233; x_wconf 79' lang='lat' dir='ltr'>animalia</span> <span class='ocrx_word' id='word_1_206' title='bbox 699 2201 850 2243; x_wconf 81' lang='lat' dir='ltr'>quotidie</span> <span class='ocrx_word' id='word_1_207' title='bbox 889 2200 1004 2231; x_wconf 79' lang='lat' dir='ltr'>trahe-</span> 
     </span>
     <span class='ocr_line' id='line_1_37' title="bbox 157 2254 1004 2295; baseline -0.004 -10"><span class='ocrx_word' id='word_1_208' title='bbox 157 2255 285 2286; x_wconf 85' lang='lat' dir='ltr'>bantur</span> <span class='ocrx_word' id='word_1_209' title='bbox 306 2255 341 2285; x_wconf 90' lang='lat' dir='ltr'>in</span> <span class='ocrx_word' id='word_1_210' title='bbox 367 2255 521 2295; x_wconf 79' lang='lat' dir='ltr'>predam.</span> <span class='ocrx_word' id='word_1_211' title='bbox 566 2254 713 2293; x_wconf 75' lang='lat' dir='ltr'>Scripsit</span> <span class='ocrx_word' id='word_1_212' title='bbox 736 2254 851 2295; x_wconf 84' lang='lat' dir='ltr'>itaque</span> <span class='ocrx_word' id='word_1_213' title='bbox 875 2254 1004 2294; x_wconf 83' lang='lat' dir='ltr'>pluries</span> 
     </span>
    </p>
   </div>
   <div class='ocr_carea' id='block_1_6' title="bbox 159 2306 1005 2347">
    <p class='ocr_par' dir='ltr' id='par_1_6' title="bbox 159 2306 1005 2347">
     <span class='ocr_line' id='line_1_38' title="bbox 159 2306 1005 2347; baseline -0.001 -9"><span class='ocrx_word' id='word_1_214' title='bbox 159 2306 228 2338; x_wconf 80' lang='lat' dir='ltr'>suis</span> <span class='ocrx_word' id='word_1_215' title='bbox 244 2306 455 2347; x_wconf 68' lang='lat' dir='ltr'>magnificus</span> <span class='ocrx_word' id='word_1_216' title='bbox 472 2308 632 2339; x_wconf 85' lang='lat' dir='ltr'>dominus</span> <span class='ocrx_word' id='word_1_217' title='bbox 650 2307 868 2342; x_wconf 64' lang='lat' dir='ltr'>Franciscus,</span> <span class='ocrx_word' id='word_1_218' title='bbox 889 2306 1005 2337; x_wconf 69' lang='lat' dir='ltr'>stricte</span> 
     </span>
    </p>
   </div>
   <div class='ocr_carea' id='block_1_7' title="bbox 158 2360 1005 2614">
    <p class='ocr_par' dir='ltr' id='par_1_7' title="bbox 158 2360 1005 2614">
     <span class='ocr_line' id='line_1_39' title="bbox 158 2360 1005 2392; baseline -0.004 0"><span class='ocrx_word' id='word_1_219' title='bbox 158 2361 356 2392; x_wconf 84' lang='lat' dir='ltr'>mandando</span> <span class='ocrx_word' id='word_1_220' title='bbox 385 2367 422 2392; x_wconf 85' lang='lat' dir='ltr'>ut</span> <span class='ocrx_word' id='word_1_221' title='bbox 453 2372 472 2391; x_wconf 84' lang='lat' dir='ltr'>a</span> <span class='ocrx_word' id='word_1_222' title='bbox 504 2361 638 2392; x_wconf 77' lang='lat' dir='ltr'>damnis</span> <span class='ocrx_word' id='word_1_223' title='bbox 674 2361 804 2392; x_wconf 86' lang='lat' dir='ltr'>domini</span> <span class='ocrx_word' id='word_1_224' title='bbox 837 2360 940 2391; x_wconf 81' lang='lat' dir='ltr'>Xichi</span> <span class='ocrx_word' id='word_1_225' title='bbox 973 2366 1005 2390; x_wconf 80' lang='lat' dir='ltr'>et</span> 
     </span>
     <span class='ocr_line' id='line_1_40' title="bbox 158 2411 1003 2449; baseline -0.004 -4"><span class='ocrx_word' id='word_1_226' title='bbox 158 2425 295 2446; x_wconf 87' lang='lat' dir='ltr'>suorum</span> <span class='ocrx_word' id='word_1_227' title='bbox 321 2424 356 2444; x_wconf 79' lang='lat' dir='ltr'>se</span> <span class='ocrx_word' id='word_1_228' title='bbox 381 2413 532 2445; x_wconf 86' lang='lat' dir='ltr'>totaliter</span> <span class='ocrx_word' id='word_1_229' title='bbox 547 2413 773 2445; x_wconf 80' lang='lat' dir='ltr'>abstinerent.</span> <span class='ocrx_word' id='word_1_230' title='bbox 810 2411 913 2449; x_wconf 82' lang='lat' dir='ltr'>Quod</span> <span class='ocrx_word' id='word_1_231' title='bbox 932 2412 1003 2442; x_wconf 85' lang='lat' dir='ltr'>sive</span> 
     </span>
     <span class='ocr_line' id='line_1_41' title="bbox 159 2464 1005 2501; baseline -0.005 -3"><span class='ocrx_word' id='word_1_232' title='bbox 159 2467 318 2499; x_wconf 80' lang='lat' dir='ltr'>facerent</span> <span class='ocrx_word' id='word_1_233' title='bbox 341 2466 413 2497; x_wconf 80' lang='lat' dir='ltr'>sive</span> <span class='ocrx_word' id='word_1_234' title='bbox 437 2476 517 2501; x_wconf 77' lang='lat' dir='ltr'>non,</span> <span class='ocrx_word' id='word_1_235' title='bbox 541 2467 679 2497; x_wconf 85' lang='lat' dir='ltr'>tandem</span> <span class='ocrx_word' id='word_1_236' title='bbox 697 2466 854 2497; x_wconf 79' lang='lat' dir='ltr'>dominus</span> <span class='ocrx_word' id='word_1_237' title='bbox 871 2464 1005 2496; x_wconf 82' lang='lat' dir='ltr'>Xichus</span> 
     </span>
     <span class='ocr_line' id='line_1_42' title="bbox 158 2518 1004 2561; baseline -0.004 -10"><span class='ocrx_word' id='word_1_238' title='bbox 158 2531 194 2551; x_wconf 93' lang='lat' dir='ltr'>se</span> <span class='ocrx_word' id='word_1_239' title='bbox 211 2519 343 2552; x_wconf 85' lang='lat' dir='ltr'>domini</span> <span class='ocrx_word' id='word_1_240' title='bbox 364 2519 540 2552; x_wconf 77' lang='lat' dir='ltr'>Francisci</span> <span class='ocrx_word' id='word_1_241' title='bbox 567 2526 686 2561; x_wconf 88' lang='lat' dir='ltr'>aperte</span> <span class='ocrx_word' id='word_1_242' title='bbox 712 2520 845 2556; x_wconf 55' lang='lat' dir='ltr'>detegit</span> <span class='ocrx_word' id='word_1_243' title='bbox 862 2518 1004 2549; x_wconf 78' lang='lat' dir='ltr'>hostem.</span> 
     </span>
     <span class='ocr_line' id='line_1_43' title="bbox 159 2572 1004 2614; baseline -0.005 -8"><span class='ocrx_word' id='word_1_244' title='bbox 159 2574 243 2606; x_wconf 85' lang='lat' dir='ltr'>Mox</span> <span class='ocrx_word' id='word_1_245' title='bbox 266 2573 424 2614; x_wconf 68' lang='lat' dir='ltr'>gentibus</span> <span class='ocrx_word' id='word_1_246' title='bbox 448 2572 553 2613; x_wconf 83' lang='lat' dir='ltr'>ipsius</span> <span class='ocrx_word' id='word_1_247' title='bbox 577 2573 621 2605; x_wconf 84' lang='lat' dir='ltr'>ad</span> <span class='ocrx_word' id='word_1_248' title='bbox 644 2573 722 2604; x_wconf 79' lang='lat' dir='ltr'>loca</span> <span class='ocrx_word' id='word_1_249' title='bbox 746 2578 780 2604; x_wconf 86' lang='lat' dir='ltr'>et</span> <span class='ocrx_word' id='word_1_250' title='bbox 803 2579 914 2604; x_wconf 72' lang='lat' dir='ltr'>castra</span> <span class='ocrx_word' id='word_1_251' title='bbox 945 2582 1004 2602; x_wconf 82' lang='lat' dir='ltr'>sua</span> 
     </span>
    </p>
   </div>
   <div class='ocr_carea' id='block_1_8' title="bbox 159 2624 1039 2668">
    <p class='ocr_par' dir='ltr' id='par_1_8' title="bbox 159 2624 1039 2668">
     <span class='ocr_line' id='line_1_44' title="bbox 159 2624 1039 2668; baseline -0.003 -11"><span class='ocrx_word' id='word_1_252' title='bbox 159 2626 334 2668; x_wconf 86' lang='lat' dir='ltr'>denegant</span> <span class='ocrx_word' id='word_1_253' title='bbox 362 2635 552 2662; x_wconf 83' lang='lat' dir='ltr'>accessum,</span> <span class='ocrx_word' id='word_1_254' title='bbox 584 2625 728 2666; x_wconf 88' lang='lat' dir='ltr'>impedit</span> <span class='ocrx_word' id='word_1_255' title='bbox 760 2624 922 2656; x_wconf 74' lang='lat' dir='ltr'>victualia</span> <span class='ocrx_word' id='word_1_256' title='bbox 954 2624 1004 2655; x_wconf 82' lang='lat' dir='ltr'>fe-</span> <span class='ocrx_word' id='word_1_257' title='bbox 1037 2635 1039 2650; x_wconf 47' lang='grc' dir='ltr'><strong>ὲ</strong></span> 
     </span>
    </p>
   </div>
   <div class='ocr_carea' id='block_1_9' title="bbox 158 2677 1005 2880">
    <p class='ocr_par' dir='ltr' id='par_1_9' title="bbox 158 2677 1005 2880">
     <span class='ocr_line' id='line_1_45' title="bbox 159 2677 1005 2718; baseline -0.004 -8"><span class='ocrx_word' id='word_1_258' title='bbox 159 2685 284 2716; x_wconf 86' lang='lat' dir='ltr'>rentes,</span> <span class='ocrx_word' id='word_1_259' title='bbox 310 2684 343 2710; x_wconf 88' lang='lat' dir='ltr'>et</span> <span class='ocrx_word' id='word_1_260' title='bbox 360 2678 410 2708; x_wconf 79' lang='lat' dir='ltr'>his</span> <span class='ocrx_word' id='word_1_261' title='bbox 426 2678 551 2710; x_wconf 85' lang='lat' dir='ltr'>itinera</span> <span class='ocrx_word' id='word_1_262' title='bbox 570 2677 709 2714; x_wconf 85' lang='lat' dir='ltr'>claudit,</span> <span class='ocrx_word' id='word_1_263' title='bbox 726 2677 833 2718; x_wconf 82' lang='lat' dir='ltr'>ipsius</span> <span class='ocrx_word' id='word_1_264' title='bbox 850 2677 1005 2708; x_wconf 77' lang='lat' dir='ltr'>homines</span> 
     </span>
     <span class='ocr_line' id='line_1_46' title="bbox 160 2730 1005 2772; baseline -0.004 -9"><span class='ocrx_word' id='word_1_265' title='bbox 160 2731 253 2771; x_wconf 88' lang='lat' dir='ltr'>capit</span> <span class='ocrx_word' id='word_1_266' title='bbox 288 2737 322 2762; x_wconf 90' lang='lat' dir='ltr'>et</span> <span class='ocrx_word' id='word_1_267' title='bbox 358 2730 539 2770; x_wconf 77' lang='lat' dir='ltr'>interficit,</span> <span class='ocrx_word' id='word_1_268' title='bbox 574 2741 679 2772; x_wconf 77' lang='lat' dir='ltr'>seque</span> <span class='ocrx_word' id='word_1_269' title='bbox 715 2730 933 2761; x_wconf 86' lang='lat' dir='ltr'>Tridentinis</span> <span class='ocrx_word' id='word_1_270' title='bbox 972 2736 1005 2760; x_wconf 87' lang='lat' dir='ltr'>et</span> 
     </span>
     <span class='ocr_line' id='line_1_47' title="bbox 159 2783 1004 2825; baseline -0.004 -9"><span class='ocrx_word' id='word_1_271' title='bbox 159 2783 388 2825; x_wconf 87' lang='lat' dir='ltr'>complicibus</span> <span class='ocrx_word' id='word_1_272' title='bbox 410 2794 512 2825; x_wconf 87' lang='lat' dir='ltr'>posse</span> <span class='ocrx_word' id='word_1_273' title='bbox 537 2790 608 2815; x_wconf 89' lang='lat' dir='ltr'>toto</span> <span class='ocrx_word' id='word_1_274' title='bbox 634 2783 826 2825; x_wconf 80' lang='lat' dir='ltr'>coniungit.</span> <span class='ocrx_word' id='word_1_275' title='bbox 874 2784 1004 2814; x_wconf 88' lang='lat' dir='ltr'>Horum</span> 
     </span>
     <span class='ocr_line' id='line_1_48' title="bbox 158 2836 1004 2880; baseline -0.004 -11"><span class='ocrx_word' id='word_1_276' title='bbox 158 2843 281 2880; x_wconf 85' lang='lat' dir='ltr'>gentes</span> <span class='ocrx_word' id='word_1_277' title='bbox 302 2837 336 2867; x_wconf 87' lang='lat' dir='ltr'>in</span> <span class='ocrx_word' id='word_1_278' title='bbox 361 2837 432 2868; x_wconf 82' lang='lat' dir='ltr'>suis</span> <span class='ocrx_word' id='word_1_279' title='bbox 454 2836 578 2878; x_wconf 88' lang='lat' dir='ltr'>recipit</span> <span class='ocrx_word' id='word_1_280' title='bbox 601 2837 722 2868; x_wconf 82' lang='lat' dir='ltr'>castris</span> <span class='ocrx_word' id='word_1_281' title='bbox 746 2843 779 2868; x_wconf 87' lang='lat' dir='ltr'>et</span> <span class='ocrx_word' id='word_1_282' title='bbox 804 2837 903 2873; x_wconf 87' lang='lat' dir='ltr'>villis,</span> <span class='ocrx_word' id='word_1_283' title='bbox 935 2837 1004 2878; x_wconf 88' lang='lat' dir='ltr'>qui,</span> 
     </span>
    </p>
   </div>
   <div class='ocr_carea' id='block_1_10' title="bbox 251 2981 1011 3013">
    <p class='ocr_par' dir='ltr' id='par_1_10' title="bbox 251 2981 1011 3013">
     <span class='ocr_line' id='line_1_49' title="bbox 251 2981 1011 3013; baseline 0 -8"><span class='ocrx_word' id='word_1_284' title='bbox 251 2989 292 3013; x_wconf 80' lang='lat'>15.</span> <span class='ocrx_word' id='word_1_285' title='bbox 309 2981 411 3005; x_wconf 88' lang='lat' dir='ltr'>damna</span> <span class='ocrx_word' id='word_1_286' title='bbox 425 2983 460 3005; x_wconf 86' lang='lat' dir='ltr'><em>M</em></span> <span class='ocrx_word' id='word_1_287' title='bbox 471 2995 502 2998; x_wconf 81' lang='grc'>-</span> <span class='ocrx_word' id='word_1_288' title='bbox 521 2981 560 3006; x_wconf 80' lang='lat'>16.</span> <span class='ocrx_word' id='word_1_289' title='bbox 575 2982 683 3006; x_wconf 85' lang='lat' dir='ltr'>exitum</span> <span class='ocrx_word' id='word_1_290' title='bbox 698 2983 775 3006; x_wconf 84' lang='lat' dir='ltr'>M—</span> <span class='ocrx_word' id='word_1_291' title='bbox 790 2989 832 3013; x_wconf 78' lang='lat'>43.</span> <span class='ocrx_word' id='word_1_292' title='bbox 846 2981 963 3012; x_wconf 67' lang='lat' dir='ltr'>denegat</span> <span class='ocrx_word' id='word_1_293' title='bbox 974 2983 1011 3005; x_wconf 79' lang='lat' dir='ltr'><em>M</em></span> 
     </span>
    </p>
   </div>
   <div class='ocr_carea' id='block_1_11' title="bbox 1037 1909 1040 3021">
    <p class='ocr_par' dir='ltr' id='par_1_11' title="bbox 1037 1909 1040 3021">
     <span class='ocr_line' id='line_1_50' title="bbox 1037 1909 1040 3021; baseline 0 0"><span class='ocrx_word' id='word_1_294' title='bbox 1037 1909 1040 3021; x_wconf 95' lang='lat' dir='ltr'> </span> 
     </span>
    </p>
   </div>
   <div class='ocr_carea' id='block_1_12' title="bbox 1481 364 1681 397">
    <p class='ocr_par' dir='ltr' id='par_1_12' title="bbox 1481 364 1681 397">
     <span class='ocr_line' id='line_1_51' title="bbox 1481 364 1681 397; baseline 0.005 -1"><span class='ocrx_word' id='word_1_295' title='bbox 1481 364 1621 397; x_wconf 73' lang='lat' dir='ltr'><strong>REDAZ.</strong></span> <span class='ocrx_word' id='word_1_296' title='bbox 1645 366 1681 397; x_wconf 88' lang='lat' dir='ltr'><em>D</em></span> 
     </span>
    </p>
   </div>
   <div class='ocr_carea' id='block_1_13' title="bbox 1162 437 2004 910">
    <p class='ocr_par' dir='ltr' id='par_1_13' title="bbox 1162 437 2004 910">
     <span class='ocr_line' id='line_1_52' title="bbox 1163 437 2004 479; baseline 0.006 -12"><span class='ocrx_word' id='word_1_297' title='bbox 1163 438 1286 469; x_wconf 87' lang='lat' dir='ltr'>mesier</span> <span class='ocrx_word' id='word_1_298' title='bbox 1320 437 1470 470; x_wconf 82' lang='lat' dir='ltr'>Patharo</span> <span class='ocrx_word' id='word_1_299' title='bbox 1505 438 1540 470; x_wconf 89' lang='lat' dir='ltr'>di</span> <span class='ocrx_word' id='word_1_300' title='bbox 1572 439 1814 479; x_wconf 76' lang='lat' dir='ltr'>Bucacharini,</span> <span class='ocrx_word' id='word_1_301' title='bbox 1848 445 1882 471; x_wconf 91' lang='lat' dir='ltr'>et</span> <span class='ocrx_word' id='word_1_302' title='bbox 1917 439 2004 472; x_wconf 82' lang='lat' dir='ltr'>altra</span> 
     </span>
     <span class='ocr_line' id='line_1_53' title="bbox 1163 492 2003 536; baseline 0.002 -13"><span class='ocrx_word' id='word_1_303' title='bbox 1163 492 1258 523; x_wconf 80' lang='lat' dir='ltr'>fiada</span> <span class='ocrx_word' id='word_1_304' title='bbox 1282 492 1312 523; x_wconf 90' lang='lat' dir='ltr'>el</span> <span class='ocrx_word' id='word_1_305' title='bbox 1337 492 1479 524; x_wconf 84' lang='lat' dir='ltr'>Checho</span> <span class='ocrx_word' id='word_1_306' title='bbox 1503 492 1547 524; x_wconf 82' lang='lat' dir='ltr'>da</span> <span class='ocrx_word' id='word_1_307' title='bbox 1571 492 1670 527; x_wconf 76' lang='lat' dir='ltr'>Lion,</span> <span class='ocrx_word' id='word_1_308' title='bbox 1689 493 1839 534; x_wconf 76' lang='lat' dir='ltr'>caschun</span> <span class='ocrx_word' id='word_1_309' title='bbox 1858 493 1893 525; x_wconf 92' lang='lat' dir='ltr'>di</span> <span class='ocrx_word' id='word_1_310' title='bbox 1909 495 2003 536; x_wconf 81' lang='lat' dir='ltr'>quali</span> 
     </span>
     <span class='ocr_line' id='line_1_54' title="bbox 1164 545 2003 587; baseline 0.004 -11"><span class='ocrx_word' id='word_1_311' title='bbox 1164 546 1193 576; x_wconf 87' lang='lat' dir='ltr'>al</span> <span class='ocrx_word' id='word_1_312' title='bbox 1220 551 1336 587; x_wconf 84' lang='lat' dir='ltr'>tempo</span> <span class='ocrx_word' id='word_1_313' title='bbox 1361 545 1416 577; x_wconf 93' lang='lat' dir='ltr'>del</span> <span class='ocrx_word' id='word_1_314' title='bbox 1439 555 1476 577; x_wconf 85' lang='lat' dir='ltr'>so</span> <span class='ocrx_word' id='word_1_315' title='bbox 1509 546 1726 587; x_wconf 76' lang='lat' dir='ltr'>capitaniado</span> <span class='ocrx_word' id='word_1_316' title='bbox 1759 546 1805 578; x_wconf 84' lang='lat' dir='ltr'>fe&#39;</span> <span class='ocrx_word' id='word_1_317' title='bbox 1837 547 1880 578; x_wconf 90' lang='lat' dir='ltr'>de</span> <span class='ocrx_word' id='word_1_318' title='bbox 1911 547 2003 579; x_wconf 90' lang='lat' dir='ltr'>belle</span> 
     </span>
     <span class='ocr_line' id='line_1_55' title="bbox 1162 598 2001 632; baseline 0.001 -2"><span class='ocrx_word' id='word_1_319' title='bbox 1162 609 1254 630; x_wconf 86' lang='lat' dir='ltr'>cose.</span> <span class='ocrx_word' id='word_1_320' title='bbox 1301 599 1407 630; x_wconf 88' lang='lat' dir='ltr'>Tutto</span> <span class='ocrx_word' id='word_1_321' title='bbox 1441 598 1462 630; x_wconf 90' lang='lat' dir='ltr'>’l</span> <span class='ocrx_word' id='word_1_322' title='bbox 1487 599 1520 631; x_wconf 76' lang='lat' dir='ltr'>di</span> <span class='ocrx_word' id='word_1_323' title='bbox 1546 599 1642 630; x_wconf 83' lang='lat' dir='ltr'>fasea</span> <span class='ocrx_word' id='word_1_324' title='bbox 1674 611 1792 632; x_wconf 76' lang='lat' dir='ltr'>col-rer</span> <span class='ocrx_word' id='word_1_325' title='bbox 1823 601 1946 632; x_wconf 85' lang='lat' dir='ltr'>drento</span> <span class='ocrx_word' id='word_1_326' title='bbox 1969 601 2001 632; x_wconf 77' lang='lat' dir='ltr'>ai</span> 
     </span>
     <span class='ocr_line' id='line_1_56' title="bbox 1163 653 2003 696; baseline 0.002 -12"><span class='ocrx_word' id='word_1_327' title='bbox 1163 663 1200 684; x_wconf 88' lang='lat' dir='ltr'>so</span> <span class='ocrx_word' id='word_1_328' title='bbox 1224 653 1357 685; x_wconf 82' lang='lat' dir='ltr'>castelli</span> <span class='ocrx_word' id='word_1_329' title='bbox 1383 659 1418 684; x_wconf 87' lang='lat' dir='ltr'>et</span> <span class='ocrx_word' id='word_1_330' title='bbox 1441 653 1507 685; x_wconf 89' lang='lat' dir='ltr'>alle</span> <span class='ocrx_word' id='word_1_331' title='bbox 1531 654 1624 694; x_wconf 89' lang='lat' dir='ltr'>ville,</span> <span class='ocrx_word' id='word_1_332' title='bbox 1650 660 1685 686; x_wconf 90' lang='lat' dir='ltr'>et</span> <span class='ocrx_word' id='word_1_333' title='bbox 1712 655 1824 696; x_wconf 86' lang='lat' dir='ltr'>quelle</span> <span class='ocrx_word' id='word_1_334' title='bbox 1848 654 2003 693; x_wconf 82' lang='lat' dir='ltr'>brusava,</span> 
     </span>
     <span class='ocr_line' id='line_1_57' title="bbox 1162 707 2004 749; baseline 0.004 -11"><span class='ocrx_word' id='word_1_335' title='bbox 1162 708 1263 748; x_wconf 83' lang='lat' dir='ltr'>piava</span> <span class='ocrx_word' id='word_1_336' title='bbox 1287 708 1297 738; x_wconf 92' lang='lat' dir='ltr'>i</span> <span class='ocrx_word' id='word_1_337' title='bbox 1314 708 1435 749; x_wconf 91' lang='lat' dir='ltr'>poveri</span> <span class='ocrx_word' id='word_1_338' title='bbox 1453 707 1572 740; x_wconf 86' lang='lat' dir='ltr'>villani</span> <span class='ocrx_word' id='word_1_339' title='bbox 1596 714 1630 739; x_wconf 90' lang='lat' dir='ltr'>et</span> <span class='ocrx_word' id='word_1_340' title='bbox 1645 708 1818 749; x_wconf 65' lang='lat' dir='ltr'>robavafge</span> <span class='ocrx_word' id='word_1_341' title='bbox 1836 709 1866 740; x_wconf 89' lang='lat' dir='ltr'>le</span> <span class='ocrx_word' id='word_1_342' title='bbox 1883 709 2004 747; x_wconf 81' lang='lat' dir='ltr'>bestie,</span> 
     </span>
     <span class='ocr_line' id='line_1_58' title="bbox 1163 761 2003 804; baseline 0.004 -13"><span class='ocrx_word' id='word_1_343' title='bbox 1163 771 1321 792; x_wconf 82' lang='lat' dir='ltr'>asserava</span> <span class='ocrx_word' id='word_1_344' title='bbox 1340 761 1369 792; x_wconf 88' lang='lat' dir='ltr'>le</span> <span class='ocrx_word' id='word_1_345' title='bbox 1386 762 1440 793; x_wconf 89' lang='lat' dir='ltr'>vie</span> <span class='ocrx_word' id='word_1_346' title='bbox 1456 762 1488 792; x_wconf 85' lang='lat' dir='ltr'>&#39;ai</span> <span class='ocrx_word' id='word_1_347' title='bbox 1506 761 1757 799; x_wconf 81' lang='lat' dir='ltr'>marchadanti,</span> <span class='ocrx_word' id='word_1_348' title='bbox 1775 762 1840 793; x_wconf 86' lang='lat' dir='ltr'>che</span> <span class='ocrx_word' id='word_1_349' title='bbox 1857 763 1890 794; x_wconf 85' lang='lat' dir='ltr'>in</span> <span class='ocrx_word' id='word_1_350' title='bbox 1906 763 2003 804; x_wconf 81' lang='lat' dir='ltr'>quilii</span> 
     </span>
     <span class='ocr_line' id='line_1_59' title="bbox 1162 814 2004 857; baseline 0.004 -13"><span class='ocrx_word' id='word_1_351' title='bbox 1162 814 1255 851; x_wconf 63' lang='lat' dir='ltr'>luofzi</span> <span class='ocrx_word' id='word_1_352' title='bbox 1272 821 1412 846; x_wconf 83' lang='lat' dir='ltr'>trovava</span> <span class='ocrx_word' id='word_1_353' title='bbox 1426 826 1511 856; x_wconf 64' lang='lat' dir='ltr'>¹⁴&lt;gran</span> <span class='ocrx_word' id='word_1_354' title='bbox 1530 816 1665 847; x_wconf 86' lang='lat' dir='ltr'>damno.</span> <span class='ocrx_word' id='word_1_355' title='bbox 1691 816 1756 847; x_wconf 86' lang='lat' dir='ltr'>Per</span> <span class='ocrx_word' id='word_1_356' title='bbox 1771 816 1881 847; x_wconf 83' lang='lat' dir='ltr'>simile</span> <span class='ocrx_word' id='word_1_357' title='bbox 1898 817 2004 857; x_wconf 85' lang='lat' dir='ltr'>quelli</span> 
     </span>
     <span class='ocr_line' id='line_1_60' title="bbox 1162 867 2004 910; baseline 0.004 -13"><span class='ocrx_word' id='word_1_358' title='bbox 1162 867 1195 898; x_wconf 91' lang='lat' dir='ltr'>di</span> <span class='ocrx_word' id='word_1_359' title='bbox 1213 868 1344 899; x_wconf 88' lang='lat' dir='ltr'>Trento</span> <span class='ocrx_word' id='word_1_360' title='bbox 1362 878 1428 899; x_wconf 90' lang='lat' dir='ltr'>con</span> <span class='ocrx_word' id='word_1_361' title='bbox 1444 869 1476 900; x_wconf 87' lang='lat' dir='ltr'>le</span> <span class='ocrx_word' id='word_1_362' title='bbox 1493 875 1596 910; x_wconf 62' lang='lat' dir='ltr'>gente</span> <span class='ocrx_word' id='word_1_363' title='bbox 1613 869 1657 899; x_wconf 93' lang='lat' dir='ltr'>de</span> <span class='ocrx_word' id='word_1_364' title='bbox 1675 869 1770 908; x_wconf 74' lang='lat' dir='ltr'>quilli</span> <span class='ocrx_word' id='word_1_365' title='bbox 1790 870 1834 900; x_wconf 81' lang='lat' dir='ltr'>da</span> <span class='ocrx_word' id='word_1_366' title='bbox 1851 868 2004 906; x_wconf 85' lang='lat' dir='ltr'>Verona,</span> 
     </span>
    </p>
   </div>
   <div class='ocr_carea' id='block_1_14' title="bbox 1128 918 2002 963">
    <p class='ocr_par' dir='ltr' id='par_1_14' title="bbox 1128 918 2002 963">
     <span class='ocr_line' id='line_1_61' title="bbox 1128 918 2002 963; baseline 0.002 -12"><span class='ocrx_word' id='word_1_367' title='bbox 1128 918 1129 935; x_wconf 66' lang='lat'>³</span> <span class='ocrx_word' id='word_1_368' title='bbox 1162 920 1216 951; x_wconf 86' lang='lat' dir='ltr'>del</span> <span class='ocrx_word' id='word_1_369' title='bbox 1243 921 1421 952; x_wconf 84' lang='lat' dir='ltr'>marchese</span> <span class='ocrx_word' id='word_1_370' title='bbox 1447 921 1489 953; x_wconf 91' lang='lat' dir='ltr'>de</span> <span class='ocrx_word' id='word_1_371' title='bbox 1513 922 1799 963; x_wconf 70' lang='lat' dir='ltr'>Brandemburgo</span> <span class='ocrx_word' id='word_1_372' title='bbox 1825 928 1859 953; x_wconf 90' lang='lat' dir='ltr'>et</span> <span class='ocrx_word' id='word_1_373' title='bbox 1875 922 1909 953; x_wconf 92' lang='lat' dir='ltr'>di</span> <span class='ocrx_word' id='word_1_374' title='bbox 1927 922 2002 954; x_wconf 83' lang='lat' dir='ltr'>dusi</span> 
     </span>
    </p>
   </div>
   <div class='ocr_carea' id='block_1_15' title="bbox 1070 1123 1104 1152">
    <p class='ocr_par' dir='ltr' id='par_1_15' title="bbox 1070 1123 1104 1152">
     <span class='ocr_line' id='line_1_62' title="bbox 1070 1123 1104 1152; baseline 0 0"><span class='ocrx_word' id='word_1_375' title='bbox 1070 1123 1104 1152; x_wconf 83' lang='lat'>15</span> 
     </span>
    </p>
   </div>
   <div class='ocr_carea' id='block_1_16' title="bbox 1065 1390 1106 1419">
    <p class='ocr_par' dir='ltr' id='par_1_16' title="bbox 1065 1390 1106 1419">
     <span class='ocr_line' id='line_1_63' title="bbox 1065 1390 1106 1419; baseline 0 0"><span class='ocrx_word' id='word_1_376' title='bbox 1065 1390 1106 1419; x_wconf 87' lang='lat'>20</span> 
     </span>
    </p>
   </div>
   <div class='ocr_carea' id='block_1_17' title="bbox 1066 1657 1107 1687">
    <p class='ocr_par' dir='ltr' id='par_1_17' title="bbox 1066 1657 1107 1687">
     <span class='ocr_line' id='line_1_64' title="bbox 1066 1657 1107 1687; baseline 0.024 -1"><span class='ocrx_word' id='word_1_377' title='bbox 1066 1657 1107 1687; x_wconf 88' lang='lat'>25</span> 
     </span>
    </p>
   </div>
   <div class='ocr_carea' id='block_1_18' title="bbox 1067 1928 1107 1957">
    <p class='ocr_par' dir='ltr' id='par_1_18' title="bbox 1067 1928 1107 1957">
     <span class='ocr_line' id='line_1_65' title="bbox 1067 1928 1107 1957; baseline 0 0"><span class='ocrx_word' id='word_1_378' title='bbox 1067 1928 1107 1957; x_wconf 82' lang='lat'>30</span> 
     </span>
    </p>
   </div>
   <div class='ocr_carea' id='block_1_19' title="bbox 1068 2193 1106 2224">
    <p class='ocr_par' dir='ltr' id='par_1_19' title="bbox 1068 2193 1106 2224">
     <span class='ocr_line' id='line_1_66' title="bbox 1068 2193 1106 2224; baseline -0.026 0"><span class='ocrx_word' id='word_1_379' title='bbox 1068 2193 1106 2224; x_wconf 81' lang='lat'>35</span> 
     </span>
    </p>
   </div>
   <div class='ocr_carea' id='block_1_20' title="bbox 1069 2460 1108 2489">
    <p class='ocr_par' dir='ltr' id='par_1_20' title="bbox 1069 2460 1108 2489">
     <span class='ocr_line' id='line_1_67' title="bbox 1069 2460 1108 2489; baseline 0 0"><span class='ocrx_word' id='word_1_380' title='bbox 1069 2460 1108 2489; x_wconf 79' lang='lat'>40</span> 
     </span>
    </p>
   </div>
   <div class='ocr_carea' id='block_1_21' title="bbox 1068 2724 1107 2754">
    <p class='ocr_par' dir='ltr' id='par_1_21' title="bbox 1068 2724 1107 2754">
     <span class='ocr_line' id='line_1_68' title="bbox 1068 2724 1107 2754; baseline 0.026 -1"><span class='ocrx_word' id='word_1_381' title='bbox 1068 2724 1107 2754; x_wconf 74' lang='lat'>45</span> 
     </span>
    </p>
   </div>
   <div class='ocr_carea' id='block_1_22' title="bbox 1126 1033 1133 3010">
    <p class='ocr_par' dir='ltr' id='par_1_22' title="bbox 1126 1033 1133 3010">
     <span class='ocr_line' id='line_1_69' title="bbox 1126 1033 1133 3010; baseline 0 0"><span class='ocrx_word' id='word_1_382' title='bbox 1126 1033 1133 3010; x_wconf 95' lang='lat' dir='ltr'> </span> 
     </span>
    </p>
   </div>
   <div class='ocr_carea' id='block_1_23' title="bbox 1162 973 2003 1017">
    <p class='ocr_par' dir='ltr' id='par_1_23' title="bbox 1162 973 2003 1017">
     <span class='ocr_line' id='line_1_70' title="bbox 1162 973 2003 1017; baseline 0.002 -13"><span class='ocrx_word' id='word_1_383' title='bbox 1162 974 1205 1004; x_wconf 92' lang='lat' dir='ltr'>de</span> <span class='ocrx_word' id='word_1_384' title='bbox 1231 973 1421 1006; x_wconf 81' lang='lat' dir='ltr'>Bavaviera</span> <span class='ocrx_word' id='word_1_385' title='bbox 1453 986 1521 1007; x_wconf 90' lang='lat' dir='ltr'>con</span> <span class='ocrx_word' id='word_1_386' title='bbox 1552 981 1639 1006; x_wconf 88' lang='lat' dir='ltr'>tutte</span> <span class='ocrx_word' id='word_1_387' title='bbox 1664 976 1695 1007; x_wconf 92' lang='lat' dir='ltr'>le</span> <span class='ocrx_word' id='word_1_388' title='bbox 1726 986 1763 1007; x_wconf 83' lang='lat' dir='ltr'>so</span> <span class='ocrx_word' id='word_1_389' title='bbox 1796 976 1891 1017; x_wconf 76' lang='lat' dir='ltr'>force</span> <span class='ocrx_word' id='word_1_390' title='bbox 1914 976 2003 1007; x_wconf 87' lang='lat' dir='ltr'>infe-</span> 
     </span>
    </p>
   </div>
   <div class='ocr_carea' id='block_1_24' title="bbox 1127 1023 2005 1124">
    <p class='ocr_par' dir='ltr' id='par_1_24' title="bbox 1127 1023 2005 1124">
     <span class='ocr_line' id='line_1_71' title="bbox 1127 1023 2003 1071; baseline 0.003 -14"><span class='ocrx_word' id='word_1_391' title='bbox 1127 1023 1129 1070; x_wconf 28' lang='grc' dir='ltr'>ᾗ</span> <span class='ocrx_word' id='word_1_392' title='bbox 1160 1033 1258 1058; x_wconf 79' lang='lat' dir='ltr'>stava</span> <span class='ocrx_word' id='word_1_393' title='bbox 1281 1027 1314 1057; x_wconf 88' lang='lat' dir='ltr'>in</span> <span class='ocrx_word' id='word_1_394' title='bbox 1340 1028 1472 1059; x_wconf 78' lang='lat' dir='ltr'>castelli</span> <span class='ocrx_word' id='word_1_395' title='bbox 1499 1028 1528 1058; x_wconf 65' lang='lat' dir='ltr'>lh</span> <span class='ocrx_word' id='word_1_396' title='bbox 1553 1028 1609 1060; x_wconf 90' lang='lat' dir='ltr'>del</span> <span class='ocrx_word' id='word_1_397' title='bbox 1634 1029 1729 1060; x_wconf 89' lang='lat' dir='ltr'>dicto</span> <span class='ocrx_word' id='word_1_398' title='bbox 1753 1029 1943 1071; x_wconf 80' lang='lat' dir='ltr'>magnifico</span> <span class='ocrx_word' id='word_1_399' title='bbox 1960 1029 2003 1060; x_wconf 85' lang='lat' dir='ltr'>si-</span> 
     </span>
     <span class='ocr_line' id='line_1_72' title="bbox 1127 1077 2005 1124; baseline 0.002 -14"><span class='ocrx_word' id='word_1_400' title='bbox 1127 1077 1129 1099; x_wconf 50' lang='lat'><em>*</em></span> <span class='ocrx_word' id='word_1_401' title='bbox 1161 1090 1248 1122; x_wconf 84' lang='lat' dir='ltr'>gnor</span> <span class='ocrx_word' id='word_1_402' title='bbox 1260 1081 1385 1112; x_wconf 85' lang='lat' dir='ltr'>mesier</span> <span class='ocrx_word' id='word_1_403' title='bbox 1398 1082 1594 1113; x_wconf 73' lang='lat' dir='ltr'>Francesco</span> <span class='ocrx_word' id='word_1_404' title='bbox 1608 1082 1652 1113; x_wconf 89' lang='lat' dir='ltr'>da</span> <span class='ocrx_word' id='word_1_405' title='bbox 1666 1082 1823 1115; x_wconf 78' lang='lat' dir='ltr'>Carrara.</span> <span class='ocrx_word' id='word_1_406' title='bbox 1841 1082 1902 1124; x_wconf 67' lang='lat' dir='ltr'>‚coe</span> <span class='ocrx_word' id='word_1_407' title='bbox 1919 1082 2005 1113; x_wconf 91' lang='lat' dir='ltr'>Per-</span> 
     </span>
    </p>
   </div>
   <div class='ocr_carea' id='block_1_25' title="bbox 1163 1133 2006 1177">
    <p class='ocr_par' dir='ltr' id='par_1_25' title="bbox 1163 1133 2006 1177">
     <span class='ocr_line' id='line_1_73' title="bbox 1163 1133 2006 1177; baseline 0.004 -14"><span class='ocrx_word' id='word_1_408' title='bbox 1163 1145 1260 1174; x_wconf 72' lang='lat' dir='ltr'>cene,</span> <span class='ocrx_word' id='word_1_409' title='bbox 1292 1133 1407 1171; x_wconf 74' lang='lat' dir='ltr'>Selva,</span> <span class='ocrx_word' id='word_1_410' title='bbox 1436 1134 1568 1177; x_wconf 77' lang='lat' dir='ltr'>Levigo</span> <span class='ocrx_word' id='word_1_411' title='bbox 1599 1140 1632 1166; x_wconf 87' lang='lat' dir='ltr'>et</span> <span class='ocrx_word' id='word_1_412' title='bbox 1663 1135 1887 1172; x_wconf 81' lang='lat' dir='ltr'>Rocabruna,</span> <span class='ocrx_word' id='word_1_413' title='bbox 1912 1136 2006 1167; x_wconf 82' lang='lat' dir='ltr'>anci-</span> 
     </span>
    </p>
   </div>
   <div class='ocr_carea' id='block_1_26' title="bbox 1127 1181 2004 1222">
    <p class='ocr_par' dir='ltr' id='par_1_26' title="bbox 1127 1181 2004 1222">
     <span class='ocr_line' id='line_1_74' title="bbox 1127 1181 2004 1222; baseline 0.003 -5"><span class='ocrx_word' id='word_1_414' title='bbox 1127 1181 1129 1191; x_wconf 85' lang='lat'>&#39;</span> <span class='ocrx_word' id='word_1_415' title='bbox 1161 1187 1276 1218; x_wconf 87' lang='lat' dir='ltr'>dando</span> <span class='ocrx_word' id='word_1_416' title='bbox 1301 1187 1310 1217; x_wconf 83' lang='lat' dir='ltr'>i</span> <span class='ocrx_word' id='word_1_417' title='bbox 1335 1188 1448 1222; x_wconf 81' lang='lat' dir='ltr'>omini,</span> <span class='ocrx_word' id='word_1_418' title='bbox 1473 1188 1647 1220; x_wconf 82' lang='lat' dir='ltr'>brusando</span> <span class='ocrx_word' id='word_1_419' title='bbox 1672 1188 1703 1219; x_wconf 90' lang='lat' dir='ltr'>le</span> <span class='ocrx_word' id='word_1_420' title='bbox 1721 1188 1800 1220; x_wconf 79' lang='lat' dir='ltr'>ville</span> <span class='ocrx_word' id='word_1_421' title='bbox 1818 1195 1851 1219; x_wconf 89' lang='lat' dir='ltr'>et</span> <span class='ocrx_word' id='word_1_422' title='bbox 1866 1199 2004 1221; x_wconf 87' lang='lat' dir='ltr'>comec-</span> 
     </span>
    </p>
   </div>
   <div class='ocr_carea' id='block_1_27' title="bbox 1160 1239 2006 2876">
    <p class='ocr_par' dir='ltr' id='par_1_27' title="bbox 1160 1239 2006 2876">
     <span class='ocr_line' id='line_1_75' title="bbox 1161 1239 2004 1282; baseline 0.005 -12"><span class='ocrx_word' id='word_1_423' title='bbox 1161 1241 1266 1271; x_wconf 80' lang='lat' dir='ltr'>tando</span> <span class='ocrx_word' id='word_1_424' title='bbox 1292 1242 1398 1280; x_wconf 84' lang='lat' dir='ltr'>prede</span> <span class='ocrx_word' id='word_1_425' title='bbox 1424 1239 1467 1273; x_wconf 79' lang='lat' dir='ltr'>de</span> <span class='ocrx_word' id='word_1_426' title='bbox 1492 1242 1631 1273; x_wconf 78' lang='lat' dir='ltr'>animali</span> <span class='ocrx_word' id='word_1_427' title='bbox 1656 1242 1700 1273; x_wconf 80' lang='lat' dir='ltr'>da</span> <span class='ocrx_word' id='word_1_428' title='bbox 1725 1242 1815 1273; x_wconf 84' lang='lat' dir='ltr'>l&#39;una</span> <span class='ocrx_word' id='word_1_429' title='bbox 1839 1248 1937 1282; x_wconf 78' lang='lat' dir='ltr'>parte</span> <span class='ocrx_word' id='word_1_430' title='bbox 1970 1248 2004 1274; x_wconf 85' lang='lat' dir='ltr'>et</span> 
     </span>
     <span class='ocr_line' id='line_1_76' title="bbox 1163 1293 2006 1328; baseline 0.005 -5"><span class='ocrx_word' id='word_1_431' title='bbox 1163 1294 1206 1324; x_wconf 85' lang='lat' dir='ltr'>da</span> <span class='ocrx_word' id='word_1_432' title='bbox 1232 1293 1352 1327; x_wconf 79' lang='lat' dir='ltr'>l&#39;altra.</span> <span class='ocrx_word' id='word_1_433' title='bbox 1401 1296 1508 1327; x_wconf 84' lang='lat' dir='ltr'>Tutto</span> <span class='ocrx_word' id='word_1_434' title='bbox 1534 1295 1555 1326; x_wconf 85' lang='lat' dir='ltr'>‘l</span> <span class='ocrx_word' id='word_1_435' title='bbox 1582 1295 1615 1327; x_wconf 85' lang='lat' dir='ltr'>di</span> <span class='ocrx_word' id='word_1_436' title='bbox 1643 1296 1736 1326; x_wconf 79' lang='lat' dir='ltr'>fasea</span> <span class='ocrx_word' id='word_1_437' title='bbox 1761 1296 1948 1327; x_wconf 79' lang='lat' dir='ltr'>cavalcade</span> <span class='ocrx_word' id='word_1_438' title='bbox 1972 1302 2006 1328; x_wconf 88' lang='lat' dir='ltr'>et</span> 
     </span>
     <span class='ocr_line' id='line_1_77' title="bbox 1160 1349 2005 1388; baseline 0.002 -11"><span class='ocrx_word' id='word_1_439' title='bbox 1160 1356 1371 1388; x_wconf 69' lang='lat' dir='ltr'>scaramuce„</span> <span class='ocrx_word' id='word_1_440' title='bbox 1397 1349 1464 1379; x_wconf 89' lang='lat' dir='ltr'>mo’</span> <span class='ocrx_word' id='word_1_441' title='bbox 1490 1359 1554 1380; x_wconf 84' lang='lat' dir='ltr'>con</span> <span class='ocrx_word' id='word_1_442' title='bbox 1572 1349 1708 1385; x_wconf 78' lang='lat' dir='ltr'>damno,</span> <span class='ocrx_word' id='word_1_443' title='bbox 1732 1349 1798 1381; x_wconf 88' lang='lat' dir='ltr'>mo’</span> <span class='ocrx_word' id='word_1_444' title='bbox 1820 1359 1884 1380; x_wconf 88' lang='lat' dir='ltr'>con</span> <span class='ocrx_word' id='word_1_445' title='bbox 1902 1360 2005 1380; x_wconf 80' lang='lat' dir='ltr'>avan-</span> 
     </span>
     <span class='ocr_line' id='line_1_78' title="bbox 1162 1399 2004 1444; baseline 0.005 -14"><span class='ocrx_word' id='word_1_446' title='bbox 1162 1405 1240 1441; x_wconf 68' lang='lat' dir='ltr'>taco</span> <span class='ocrx_word' id='word_1_447' title='bbox 1263 1399 1307 1431; x_wconf 87' lang='lat' dir='ltr'>de</span> <span class='ocrx_word' id='word_1_448' title='bbox 1332 1401 1422 1433; x_wconf 78' lang='lat' dir='ltr'>l’una</span> <span class='ocrx_word' id='word_1_449' title='bbox 1446 1408 1479 1433; x_wconf 87' lang='lat' dir='ltr'>et</span> <span class='ocrx_word' id='word_1_450' title='bbox 1497 1403 1539 1434; x_wconf 84' lang='lat' dir='ltr'>de</span> <span class='ocrx_word' id='word_1_451' title='bbox 1557 1402 1669 1433; x_wconf 81' lang='lat' dir='ltr'>l&#39;altra</span> <span class='ocrx_word' id='word_1_452' title='bbox 1685 1408 1793 1443; x_wconf 78' lang='lat' dir='ltr'>parte.</span> <span class='ocrx_word' id='word_1_453' title='bbox 1829 1403 1867 1433; x_wconf 83' lang='lat' dir='ltr'>ln</span> <span class='ocrx_word' id='word_1_454' title='bbox 1884 1409 2004 1444; x_wconf 88' lang='lat' dir='ltr'>questo</span> 
     </span>
     <span class='ocr_line' id='line_1_79' title="bbox 1161 1455 2004 1497; baseline 0.005 -14"><span class='ocrx_word' id='word_1_455' title='bbox 1161 1464 1257 1491; x_wconf 74' lang='lat' dir='ltr'>meco</span> <span class='ocrx_word' id='word_1_456' title='bbox 1282 1455 1406 1486; x_wconf 87' lang='lat' dir='ltr'>mesier</span> <span class='ocrx_word' id='word_1_457' title='bbox 1428 1455 1543 1486; x_wconf 81' lang='lat' dir='ltr'>Xicho</span> <span class='ocrx_word' id='word_1_458' title='bbox 1567 1456 1690 1486; x_wconf 84' lang='lat' dir='ltr'>vechio</span> <span class='ocrx_word' id='word_1_459' title='bbox 1721 1466 1765 1487; x_wconf 91' lang='lat' dir='ltr'>no</span> <span class='ocrx_word' id='word_1_460' title='bbox 1798 1456 2004 1497; x_wconf 70' lang='lat' dir='ltr'>favorecava</span> 
     </span>
     <span class='ocr_line' id='line_1_80' title="bbox 1162 1507 2004 1549; baseline 0.004 -12"><span class='ocrx_word' id='word_1_461' title='bbox 1162 1507 1207 1537; x_wconf 88' lang='lat' dir='ltr'>ad</span> <span class='ocrx_word' id='word_1_462' title='bbox 1229 1507 1355 1547; x_wconf 56' lang='lat' dir='ltr'>alcuna</span> <span class='ocrx_word' id='word_1_463' title='bbox 1388 1508 1480 1539; x_wconf 88' lang='lat' dir='ltr'>delle</span> <span class='ocrx_word' id='word_1_464' title='bbox 1511 1514 1619 1549; x_wconf 82' lang='lat' dir='ltr'>parte,</span> <span class='ocrx_word' id='word_1_465' title='bbox 1651 1508 1874 1540; x_wconf 80' lang='lat' dir='ltr'>indifferente</span> <span class='ocrx_word' id='word_1_466' title='bbox 1906 1519 2004 1540; x_wconf 88' lang='lat' dir='ltr'>como</span> 
     </span>
     <span class='ocr_line' id='line_1_81' title="bbox 1164 1559 2006 1603; baseline 0.006 -14"><span class='ocrx_word' id='word_1_467' title='bbox 1164 1559 1232 1591; x_wconf 83' lang='lat' dir='ltr'>ello</span> <span class='ocrx_word' id='word_1_468' title='bbox 1259 1567 1440 1593; x_wconf 82' lang='lat' dir='ltr'>mostrava.</span> <span class='ocrx_word' id='word_1_469' title='bbox 1484 1562 1552 1593; x_wconf 86' lang='lat' dir='ltr'>Era</span> <span class='ocrx_word' id='word_1_470' title='bbox 1577 1562 1643 1593; x_wconf 85' lang='lat' dir='ltr'>ben</span> <span class='ocrx_word' id='word_1_471' title='bbox 1661 1573 1762 1603; x_wconf 81' lang='lat' dir='ltr'>ampo</span> <span class='ocrx_word' id='word_1_472' title='bbox 1786 1562 1816 1593; x_wconf 90' lang='lat' dir='ltr'>el</span> <span class='ocrx_word' id='word_1_473' title='bbox 1835 1563 1928 1594; x_wconf 85' lang='lat' dir='ltr'>dicto</span> <span class='ocrx_word' id='word_1_474' title='bbox 1944 1563 2006 1594; x_wconf 87' lang='lat' dir='ltr'>Xi-</span> 
     </span>
     <span class='ocr_line' id='line_1_82' title="bbox 1162 1613 2006 1647; baseline 0.004 -4"><span class='ocrx_word' id='word_1_475' title='bbox 1162 1613 1228 1644; x_wconf 87' lang='lat' dir='ltr'>cho</span> <span class='ocrx_word' id='word_1_476' title='bbox 1245 1613 1382 1646; x_wconf 79' lang='lat' dir='ltr'>subdito</span> <span class='ocrx_word' id='word_1_477' title='bbox 1401 1615 1456 1645; x_wconf 89' lang='lat' dir='ltr'>del</span> <span class='ocrx_word' id='word_1_478' title='bbox 1479 1615 1657 1646; x_wconf 79' lang='lat' dir='ltr'>marchese</span> <span class='ocrx_word' id='word_1_479' title='bbox 1683 1616 1725 1646; x_wconf 87' lang='lat' dir='ltr'>de</span> <span class='ocrx_word' id='word_1_480' title='bbox 1752 1615 2006 1647; x_wconf 76' lang='lat' dir='ltr'>Brandembur-</span> 
     </span>
     <span class='ocr_line' id='line_1_83' title="bbox 1162 1667 2004 1709; baseline 0.004 -12"><span class='ocrx_word' id='word_1_481' title='bbox 1162 1677 1224 1707; x_wconf 65' lang='lat' dir='ltr'>go:</span> <span class='ocrx_word' id='word_1_482' title='bbox 1242 1677 1296 1697; x_wconf 88' lang='lat' dir='ltr'>ma</span> <span class='ocrx_word' id='word_1_483' title='bbox 1314 1667 1379 1698; x_wconf 89' lang='lat' dir='ltr'>ello</span> <span class='ocrx_word' id='word_1_484' title='bbox 1396 1678 1432 1699; x_wconf 87' lang='lat' dir='ltr'>se</span> <span class='ocrx_word' id='word_1_485' title='bbox 1449 1679 1603 1704; x_wconf 78' lang='lat' dir='ltr'>scusava,</span> <span class='ocrx_word' id='word_1_486' title='bbox 1618 1668 1772 1709; x_wconf 64' lang='lat' dir='ltr'>digando</span> <span class='ocrx_word' id='word_1_487' title='bbox 1790 1670 1865 1705; x_wconf 75' lang='lat' dir='ltr'>che,</span> <span class='ocrx_word' id='word_1_488' title='bbox 1881 1680 1917 1699; x_wconf 86' lang='lat' dir='ltr'>se</span> <span class='ocrx_word' id='word_1_489' title='bbox 1935 1669 2004 1700; x_wconf 90' lang='lat' dir='ltr'>ello</span> 
     </span>
     <span class='ocr_line' id='line_1_84' title="bbox 1162 1719 2004 1762; baseline 0.006 -14"><span class='ocrx_word' id='word_1_490' title='bbox 1162 1719 1351 1762; x_wconf 69' lang='lat' dir='ltr'>impaeasse</span> <span class='ocrx_word' id='word_1_491' title='bbox 1376 1720 1410 1751; x_wconf 90' lang='lat' dir='ltr'>in</span> <span class='ocrx_word' id='word_1_492' title='bbox 1433 1721 1559 1761; x_wconf 66' lang='lat' dir='ltr'>alguna</span> <span class='ocrx_word' id='word_1_493' title='bbox 1585 1731 1665 1752; x_wconf 83' lang='lat' dir='ltr'>cosa</span> <span class='ocrx_word' id='word_1_494' title='bbox 1690 1722 1722 1752; x_wconf 89' lang='lat' dir='ltr'>le</span> <span class='ocrx_word' id='word_1_495' title='bbox 1746 1727 1849 1760; x_wconf 66' lang='lat' dir='ltr'>gente</span> <span class='ocrx_word' id='word_1_496' title='bbox 1879 1722 1932 1753; x_wconf 90' lang='lat' dir='ltr'>del</span> <span class='ocrx_word' id='word_1_497' title='bbox 1958 1723 2004 1753; x_wconf 87' lang='lat' dir='ltr'>si-</span> 
     </span>
     <span class='ocr_line' id='line_1_85' title="bbox 1163 1774 2006 1817; baseline 0.005 -14"><span class='ocrx_word' id='word_1_498' title='bbox 1163 1783 1250 1813; x_wconf 63' lang='lat' dir='ltr'>gnor</span> <span class='ocrx_word' id='word_1_499' title='bbox 1272 1774 1396 1805; x_wconf 85' lang='lat' dir='ltr'>mesier</span> <span class='ocrx_word' id='word_1_500' title='bbox 1420 1775 1616 1806; x_wconf 84' lang='lat' dir='ltr'>Francesco</span> <span class='ocrx_word' id='word_1_501' title='bbox 1642 1775 1685 1805; x_wconf 89' lang='lat' dir='ltr'>da</span> <span class='ocrx_word' id='word_1_502' title='bbox 1702 1775 1858 1811; x_wconf 73' lang='lat' dir='ltr'>carrara,</span> <span class='ocrx_word' id='word_1_503' title='bbox 1881 1785 2006 1817; x_wconf 67' lang='lat' dir='ltr'>conco-</span> 
     </span>
     <span class='ocr_line' id='line_1_86' title="bbox 1164 1825 2006 1869; baseline 0.006 -14"><span class='ocrx_word' id='word_1_504' title='bbox 1164 1825 1280 1856; x_wconf 72' lang='lat' dir='ltr'>siache</span> <span class='ocrx_word' id='word_1_505' title='bbox 1305 1827 1373 1857; x_wconf 89' lang='lat' dir='ltr'>ello</span> <span class='ocrx_word' id='word_1_506' title='bbox 1399 1827 1446 1858; x_wconf 82' lang='lat' dir='ltr'>sia</span> <span class='ocrx_word' id='word_1_507' title='bbox 1469 1837 1506 1858; x_wconf 87' lang='lat' dir='ltr'>so</span> <span class='ocrx_word' id='word_1_508' title='bbox 1532 1827 1617 1858; x_wconf 88' lang='lat' dir='ltr'>visin</span> <span class='ocrx_word' id='word_1_509' title='bbox 1645 1833 1678 1858; x_wconf 86' lang='lat' dir='ltr'>et</span> <span class='ocrx_word' id='word_1_510' title='bbox 1701 1839 1745 1858; x_wconf 89' lang='lat' dir='ltr'>no</span> <span class='ocrx_word' id='word_1_511' title='bbox 1770 1829 1819 1859; x_wconf 78' lang='lat' dir='ltr'>sia</span> <span class='ocrx_word' id='word_1_512' title='bbox 1838 1829 1962 1869; x_wconf 68' lang='lat' dir='ltr'>uguale</span> <span class='ocrx_word' id='word_1_513' title='bbox 1987 1840 2006 1860; x_wconf 80' lang='lat' dir='ltr'>a</span> 
     </span>
     <span class='ocr_line' id='line_1_87' title="bbox 1164 1878 2005 1923; baseline 0.006 -15"><span class='ocrx_word' id='word_1_514' title='bbox 1164 1878 1220 1920; x_wconf 85' lang='lat' dir='ltr'>luy</span> <span class='ocrx_word' id='word_1_515' title='bbox 1246 1879 1290 1910; x_wconf 90' lang='lat' dir='ltr'>de</span> <span class='ocrx_word' id='word_1_516' title='bbox 1316 1890 1496 1922; x_wconf 73' lang='lat' dir='ltr'>possanca,</span> <span class='ocrx_word' id='word_1_517' title='bbox 1521 1881 1586 1912; x_wconf 89' lang='lat' dir='ltr'>che</span> <span class='ocrx_word' id='word_1_518' title='bbox 1619 1880 1864 1923; x_wconf 77' lang='lat' dir='ltr'>lecieramente</span> <span class='ocrx_word' id='word_1_519' title='bbox 1889 1882 2005 1923; x_wconf 83' lang='lat' dir='ltr'>quello</span> 
     </span>
     <span class='ocr_line' id='line_1_88' title="bbox 1163 1932 2005 1972; baseline 0.006 -11"><span class='ocrx_word' id='word_1_520' title='bbox 1163 1941 1292 1972; x_wconf 81' lang='lat' dir='ltr'>porave</span> <span class='ocrx_word' id='word_1_521' title='bbox 1318 1942 1410 1963; x_wconf 74' lang='lat' dir='ltr'>esser</span> <span class='ocrx_word' id='word_1_522' title='bbox 1433 1932 1465 1964; x_wconf 78' lang='lat' dir='ltr'>la</span> <span class='ocrx_word' id='word_1_523' title='bbox 1488 1934 1586 1964; x_wconf 84' lang='lat' dir='ltr'>ruina</span> <span class='ocrx_word' id='word_1_524' title='bbox 1611 1935 1666 1965; x_wconf 87' lang='lat' dir='ltr'>del</span> <span class='ocrx_word' id='word_1_525' title='bbox 1691 1945 1729 1965; x_wconf 84' lang='lat' dir='ltr'>so</span> <span class='ocrx_word' id='word_1_526' title='bbox 1753 1935 1826 1966; x_wconf 83' lang='lat' dir='ltr'>sta’.</span> <span class='ocrx_word' id='word_1_527' title='bbox 1872 1935 1916 1966; x_wconf 86' lang='lat' dir='ltr'>Et</span> <span class='ocrx_word' id='word_1_528' title='bbox 1933 1934 2005 1966; x_wconf 77' lang='lat' dir='ltr'>cosi</span> 
     </span>
     <span class='ocr_line' id='line_1_89' title="bbox 1164 1985 2004 2028; baseline 0.005 -13"><span class='ocrx_word' id='word_1_529' title='bbox 1164 1985 1194 2015; x_wconf 90' lang='lat' dir='ltr'>el</span> <span class='ocrx_word' id='word_1_530' title='bbox 1222 1985 1314 2016; x_wconf 87' lang='lat' dir='ltr'>dicto</span> <span class='ocrx_word' id='word_1_531' title='bbox 1338 1985 1453 2017; x_wconf 69' lang='lat' dir='ltr'>Xiclio</span> <span class='ocrx_word' id='word_1_532' title='bbox 1477 1992 1562 2017; x_wconf 83' lang='lat' dir='ltr'>stete</span> <span class='ocrx_word' id='word_1_533' title='bbox 1587 1987 1644 2028; x_wconf 78' lang='lat' dir='ltr'>piu</span> <span class='ocrx_word' id='word_1_534' title='bbox 1671 1992 1787 2028; x_wconf 83' lang='lat' dir='ltr'>tempo</span> <span class='ocrx_word' id='word_1_535' title='bbox 1810 1988 2004 2020; x_wconf 86' lang='lat' dir='ltr'>incostante</span> 
     </span>
     <span class='ocr_line' id='line_1_90' title="bbox 1162 2038 2005 2081; baseline 0.004 -12"><span class='ocrx_word' id='word_1_536' title='bbox 1162 2044 1214 2069; x_wconf 82' lang='lat' dir='ltr'>tra</span> <span class='ocrx_word' id='word_1_537' title='bbox 1252 2038 1344 2069; x_wconf 86' lang='lat' dir='ltr'>l’una</span> <span class='ocrx_word' id='word_1_538' title='bbox 1381 2045 1415 2070; x_wconf 85' lang='lat' dir='ltr'>et</span> <span class='ocrx_word' id='word_1_539' title='bbox 1452 2039 1560 2070; x_wconf 83' lang='lat' dir='ltr'>l&#39;altra</span> <span class='ocrx_word' id='word_1_540' title='bbox 1599 2046 1707 2080; x_wconf 77' lang='lat' dir='ltr'>parte,</span> <span class='ocrx_word' id='word_1_541' title='bbox 1746 2051 1801 2071; x_wconf 81' lang='lat' dir='ltr'>ma</span> <span class='ocrx_word' id='word_1_542' title='bbox 1837 2051 1900 2081; x_wconf 88' lang='lat' dir='ltr'>pur</span> <span class='ocrx_word' id='word_1_543' title='bbox 1938 2041 2005 2072; x_wconf 82' lang='lat' dir='ltr'>alle</span> 
     </span>
     <span class='ocr_line' id='line_1_91' title="bbox 1165 2090 2004 2131; baseline 0.005 -10"><span class='ocrx_word' id='word_1_544' title='bbox 1165 2090 1240 2128; x_wconf 82' lang='lat' dir='ltr'>fine,</span> <span class='ocrx_word' id='word_1_545' title='bbox 1255 2101 1274 2122; x_wconf 96' lang='lat'>0</span> <span class='ocrx_word' id='word_1_546' title='bbox 1291 2091 1356 2122; x_wconf 93' lang='lat' dir='ltr'>che</span> <span class='ocrx_word' id='word_1_547' title='bbox 1374 2091 1395 2121; x_wconf 87' lang='lat'>’1</span> <span class='ocrx_word' id='word_1_548' title='bbox 1414 2092 1517 2129; x_wconf 79' lang='lat' dir='ltr'>fosse,</span> <span class='ocrx_word' id='word_1_549' title='bbox 1534 2103 1635 2124; x_wconf 89' lang='lat' dir='ltr'>como</span> <span class='ocrx_word' id='word_1_550' title='bbox 1653 2093 1683 2124; x_wconf 91' lang='lat' dir='ltr'>el</span> <span class='ocrx_word' id='word_1_551' title='bbox 1701 2098 1885 2131; x_wconf 81' lang='lat' dir='ltr'>mostrava‚</span> <span class='ocrx_word' id='word_1_552' title='bbox 1903 2104 1922 2126; x_wconf 96' lang='lat'><em>0</em></span> <span class='ocrx_word' id='word_1_553' title='bbox 1940 2094 2004 2125; x_wconf 87' lang='lat' dir='ltr'>che</span> 
     </span>
     <span class='ocr_line' id='line_1_92' title="bbox 1165 2143 2004 2188; baseline 0.004 -14"><span class='ocrx_word' id='word_1_554' title='bbox 1165 2143 1231 2175; x_wconf 87' lang='lat' dir='ltr'>ello</span> <span class='ocrx_word' id='word_1_555' title='bbox 1256 2150 1405 2175; x_wconf 81' lang='lat' dir='ltr'>trovasse</span> <span class='ocrx_word' id='word_1_556' title='bbox 1430 2145 1513 2176; x_wconf 76' lang='lat' dir='ltr'>ficta</span> <span class='ocrx_word' id='word_1_557' title='bbox 1532 2156 1648 2181; x_wconf 81' lang='lat' dir='ltr'>cason,</span> <span class='ocrx_word' id='word_1_558' title='bbox 1665 2146 1797 2188; x_wconf 76' lang='lat' dir='ltr'>acoche</span> <span class='ocrx_word' id='word_1_559' title='bbox 1820 2147 1887 2178; x_wconf 90' lang='lat' dir='ltr'>ello</span> <span class='ocrx_word' id='word_1_560' title='bbox 1904 2157 2004 2187; x_wconf 89' lang='lat' dir='ltr'>posse</span> 
     </span>
     <span class='ocr_line' id='line_1_93' title="bbox 1163 2196 2005 2241; baseline 0.006 -15"><span class='ocrx_word' id='word_1_561' title='bbox 1163 2196 1220 2238; x_wconf 74' lang='lat' dir='ltr'>piu</span> <span class='ocrx_word' id='word_1_562' title='bbox 1245 2197 1456 2229; x_wconf 80' lang='lat' dir='ltr'>licitamente</span> <span class='ocrx_word' id='word_1_563' title='bbox 1481 2199 1595 2240; x_wconf 68' lang='lat' dir='ltr'>viguit</span> <span class='ocrx_word' id='word_1_564' title='bbox 1619 2210 1637 2230; x_wconf 89' lang='lat' dir='ltr'>a</span> <span class='ocrx_word' id='word_1_565' title='bbox 1661 2199 1790 2241; x_wconf 80' lang='lat' dir='ltr'>quello,</span> <span class='ocrx_word' id='word_1_566' title='bbox 1815 2211 1832 2230; x_wconf 82' lang='lat' dir='ltr'>a</span> <span class='ocrx_word' id='word_1_567' title='bbox 1858 2200 1922 2231; x_wconf 86' lang='lat' dir='ltr'>che</span> <span class='ocrx_word' id='word_1_568' title='bbox 1948 2200 2005 2241; x_wconf 90' lang='lat' dir='ltr'>poi</span> 
     </span>
     <span class='ocr_line' id='line_1_94' title="bbox 1165 2251 2006 2293; baseline 0.004 -12"><span class='ocrx_word' id='word_1_569' title='bbox 1165 2251 1196 2281; x_wconf 85' lang='lat' dir='ltr'>el</span> <span class='ocrx_word' id='word_1_570' title='bbox 1220 2251 1328 2292; x_wconf 57' lang='lat' dir='ltr'>presso</span> <span class='ocrx_word' id='word_1_571' title='bbox 1354 2251 1492 2283; x_wconf 84' lang='lat' dir='ltr'>l’animo</span> <span class='ocrx_word' id='word_1_572' title='bbox 1518 2263 1566 2289; x_wconf 87' lang='lat' dir='ltr'>so,</span> <span class='ocrx_word' id='word_1_573' title='bbox 1591 2253 1658 2285; x_wconf 77' lang='lat' dir='ltr'>ello</span> <span class='ocrx_word' id='word_1_574' title='bbox 1687 2253 1818 2293; x_wconf 75' lang='lat' dir='ltr'>scripse</span> <span class='ocrx_word' id='word_1_575' title='bbox 1842 2254 1949 2285; x_wconf 88' lang='lat' dir='ltr'>letere</span> <span class='ocrx_word' id='word_1_576' title='bbox 1975 2254 2006 2284; x_wconf 87' lang='lat' dir='ltr'>al</span> 
     </span>
     <span class='ocr_line' id='line_1_95' title="bbox 1164 2304 2006 2346; baseline 0.004 -11"><span class='ocrx_word' id='word_1_577' title='bbox 1164 2304 1352 2346; x_wconf 72' lang='lat' dir='ltr'>magnifico</span> <span class='ocrx_word' id='word_1_578' title='bbox 1376 2304 1492 2346; x_wconf 66' lang='lat' dir='ltr'>signor</span> <span class='ocrx_word' id='word_1_579' title='bbox 1508 2306 1633 2337; x_wconf 77' lang='lat' dir='ltr'>mesier</span> <span class='ocrx_word' id='word_1_580' title='bbox 1648 2306 1858 2343; x_wconf 79' lang='lat' dir='ltr'>Francesco,</span> <span class='ocrx_word' id='word_1_581' title='bbox 1876 2307 2006 2339; x_wconf 82' lang='lat' dir='ltr'>lamen-</span> 
     </span>
     <span class='ocr_line' id='line_1_96' title="bbox 1164 2357 2005 2400; baseline 0.005 -13"><span class='ocrx_word' id='word_1_582' title='bbox 1164 2358 1309 2388; x_wconf 82' lang='lat' dir='ltr'>tandose</span> <span class='ocrx_word' id='word_1_583' title='bbox 1335 2357 1399 2388; x_wconf 87' lang='lat' dir='ltr'>che</span> <span class='ocrx_word' id='word_1_584' title='bbox 1426 2359 1433 2387; x_wconf 84' lang='lat' dir='ltr'>i</span> <span class='ocrx_word' id='word_1_585' title='bbox 1458 2358 1617 2390; x_wconf 77' lang='lat' dir='ltr'>abitatori</span> <span class='ocrx_word' id='word_1_586' title='bbox 1644 2360 1678 2390; x_wconf 89' lang='lat' dir='ltr'>di</span> <span class='ocrx_word' id='word_1_587' title='bbox 1702 2369 1740 2390; x_wconf 89' lang='lat' dir='ltr'>so</span> <span class='ocrx_word' id='word_1_588' title='bbox 1757 2359 1849 2400; x_wconf 67' lang='lat' dir='ltr'>Iuogi</span> <span class='ocrx_word' id='word_1_589' title='bbox 1867 2370 1911 2390; x_wconf 84' lang='lat' dir='ltr'>no</span> <span class='ocrx_word' id='word_1_590' title='bbox 1928 2370 2005 2400; x_wconf 89' lang='lat' dir='ltr'>pos-</span> 
     </span>
     <span class='ocr_line' id='line_1_97' title="bbox 1163 2410 2004 2451; baseline 0.004 -11"><span class='ocrx_word' id='word_1_591' title='bbox 1163 2420 1220 2440; x_wconf 86' lang='lat' dir='ltr'>sea</span> <span class='ocrx_word' id='word_1_592' title='bbox 1247 2410 1332 2441; x_wconf 86' lang='lat' dir='ltr'>insir</span> <span class='ocrx_word' id='word_1_593' title='bbox 1363 2411 1454 2441; x_wconf 86' lang='lat' dir='ltr'>delle.</span> <span class='ocrx_word' id='word_1_594' title='bbox 1487 2411 1632 2451; x_wconf 74' lang='lat' dir='ltr'>fortece‚</span> <span class='ocrx_word' id='word_1_595' title='bbox 1664 2412 1728 2443; x_wconf 90' lang='lat' dir='ltr'>che</span> <span class='ocrx_word' id='word_1_596' title='bbox 1761 2413 2004 2443; x_wconf 88' lang='lat' dir='ltr'>incontenente</span> 
     </span>
     <span class='ocr_line' id='line_1_98' title="bbox 1163 2463 2004 2507; baseline 0.004 -14"><span class='ocrx_word' id='word_1_597' title='bbox 1163 2473 1206 2494; x_wconf 91' lang='lat' dir='ltr'>no</span> <span class='ocrx_word' id='word_1_598' title='bbox 1232 2463 1325 2494; x_wconf 82' lang='lat' dir='ltr'>fosse</span> <span class='ocrx_word' id='word_1_599' title='bbox 1343 2463 1426 2495; x_wconf 63' lang='lat' dir='ltr'>robii</span> <span class='ocrx_word' id='word_1_600' title='bbox 1443 2474 1506 2505; x_wconf 87' lang='lat' dir='ltr'>per</span> <span class='ocrx_word' id='word_1_601' title='bbox 1522 2464 1553 2495; x_wconf 89' lang='lat' dir='ltr'>le</span> <span class='ocrx_word' id='word_1_602' title='bbox 1576 2475 1612 2495; x_wconf 85' lang='lat' dir='ltr'>so</span> <span class='ocrx_word' id='word_1_603' title='bbox 1631 2471 1744 2507; x_wconf 62' lang='lat' dir='ltr'>gente,</span> <span class='ocrx_word' id='word_1_604' title='bbox 1762 2471 1795 2496; x_wconf 89' lang='lat' dir='ltr'>et</span> <span class='ocrx_word' id='word_1_605' title='bbox 1811 2476 1925 2506; x_wconf 83' lang='lat' dir='ltr'>spesse</span> <span class='ocrx_word' id='word_1_606' title='bbox 1944 2466 2004 2503; x_wconf 79' lang='lat' dir='ltr'>fia,</span> 
     </span>
     <span class='ocr_line' id='line_1_99' title="bbox 1164 2516 2006 2560; baseline 0.005 -15"><span class='ocrx_word' id='word_1_607' title='bbox 1164 2516 1263 2546; x_wconf 58' lang='lat' dir='ltr'>menn</span> <span class='ocrx_word' id='word_1_608' title='bbox 1287 2526 1348 2557; x_wconf 89' lang='lat' dir='ltr'>per</span> <span class='ocrx_word' id='word_1_609' title='bbox 1373 2527 1511 2556; x_wconf 83' lang='lat' dir='ltr'>presun,</span> <span class='ocrx_word' id='word_1_610' title='bbox 1537 2523 1570 2548; x_wconf 88' lang='lat' dir='ltr'>et</span> <span class='ocrx_word' id='word_1_611' title='bbox 1587 2518 1651 2548; x_wconf 85' lang='lat' dir='ltr'>che</span> <span class='ocrx_word' id='word_1_612' title='bbox 1676 2524 1763 2549; x_wconf 89' lang='lat' dir='ltr'>tutto</span> <span class='ocrx_word' id='word_1_613' title='bbox 1789 2518 1809 2549; x_wconf 76' lang='lat'>’1</span> <span class='ocrx_word' id='word_1_614' title='bbox 1835 2518 1869 2550; x_wconf 81' lang='lat' dir='ltr'>di</span> <span class='ocrx_word' id='word_1_615' title='bbox 1886 2518 2006 2560; x_wconf 82' lang='lat' dir='ltr'>vignia</span> 
     </span>
     <span class='ocr_line' id='line_1_100' title="bbox 1163 2568 2005 2612; baseline 0.001 -13"><span class='ocrx_word' id='word_1_616' title='bbox 1163 2568 1247 2600; x_wconf 57' lang='lat' dir='ltr'>robe</span> <span class='ocrx_word' id='word_1_617' title='bbox 1271 2570 1281 2599; x_wconf 85' lang='lat' dir='ltr'>i</span> <span class='ocrx_word' id='word_1_618' title='bbox 1306 2579 1341 2599; x_wconf 88' lang='lat' dir='ltr'>so</span> <span class='ocrx_word' id='word_1_619' title='bbox 1367 2569 1505 2600; x_wconf 83' lang='lat' dir='ltr'>animali</span> <span class='ocrx_word' id='word_1_620' title='bbox 1530 2576 1563 2601; x_wconf 89' lang='lat' dir='ltr'>et</span> <span class='ocrx_word' id='word_1_621' title='bbox 1595 2571 1692 2612; x_wconf 80' lang='lat' dir='ltr'>quini</span> <span class='ocrx_word' id='word_1_622' title='bbox 1724 2571 1757 2601; x_wconf 90' lang='lat' dir='ltr'>di</span> <span class='ocrx_word' id='word_1_623' title='bbox 1786 2571 1847 2603; x_wconf 85' lang='lat' dir='ltr'>soi.</span> <span class='ocrx_word' id='word_1_624' title='bbox 1896 2571 2005 2603; x_wconf 84' lang='lat' dir='ltr'>Sovra</span> 
     </span>
     <span class='ocr_line' id='line_1_101' title="bbox 1164 2621 2004 2665; baseline 0.004 -14"><span class='ocrx_word' id='word_1_625' title='bbox 1164 2621 1195 2651; x_wconf 86' lang='lat' dir='ltr'>la</span> <span class='ocrx_word' id='word_1_626' title='bbox 1228 2622 1307 2662; x_wconf 81' lang='lat' dir='ltr'>qual</span> <span class='ocrx_word' id='word_1_627' title='bbox 1339 2632 1420 2653; x_wconf 84' lang='lat' dir='ltr'>cosa</span> <span class='ocrx_word' id='word_1_628' title='bbox 1454 2622 1483 2653; x_wconf 88' lang='lat' dir='ltr'>el</span> <span class='ocrx_word' id='word_1_629' title='bbox 1515 2623 1707 2664; x_wconf 71' lang='lat' dir='ltr'>magnifico</span> <span class='ocrx_word' id='word_1_630' title='bbox 1732 2635 1858 2665; x_wconf 70' lang='lat' dir='ltr'>segnor</span> <span class='ocrx_word' id='word_1_631' title='bbox 1881 2624 2004 2655; x_wconf 81' lang='lat' dir='ltr'>mesier</span> 
     </span>
     <span class='ocr_line' id='line_1_102' title="bbox 1165 2675 2004 2717; baseline 0.004 -13"><span class='ocrx_word' id='word_1_632' title='bbox 1165 2675 1358 2706; x_wconf 86' lang='lat' dir='ltr'>Francesco</span> <span class='ocrx_word' id='word_1_633' title='bbox 1384 2675 1498 2716; x_wconf 89' lang='lat' dir='ltr'>plusor</span> <span class='ocrx_word' id='word_1_634' title='bbox 1522 2676 1569 2707; x_wconf 68' lang='lat' dir='ltr'>sih</span> <span class='ocrx_word' id='word_1_635' title='bbox 1592 2677 1722 2717; x_wconf 85' lang='lat' dir='ltr'>scripse</span> <span class='ocrx_word' id='word_1_636' title='bbox 1740 2677 1771 2707; x_wconf 80' lang='lat' dir='ltr'>ai</span> <span class='ocrx_word' id='word_1_637' title='bbox 1788 2678 1848 2713; x_wconf 80' lang='lat' dir='ltr'>soi,</span> <span class='ocrx_word' id='word_1_638' title='bbox 1866 2688 2004 2708; x_wconf 79' lang='lat' dir='ltr'>coman-</span> 
     </span>
     <span class='ocr_line' id='line_1_103' title="bbox 1163 2727 2003 2761; baseline 0.002 -3"><span class='ocrx_word' id='word_1_639' title='bbox 1163 2727 1315 2758; x_wconf 80' lang='lat' dir='ltr'>dandoie</span> <span class='ocrx_word' id='word_1_640' title='bbox 1339 2733 1585 2760; x_wconf 86' lang='lat' dir='ltr'>strectamente</span> <span class='ocrx_word' id='word_1_641' title='bbox 1611 2729 1676 2761; x_wconf 89' lang='lat' dir='ltr'>che</span> <span class='ocrx_word' id='word_1_642' title='bbox 1702 2731 1757 2760; x_wconf 88' lang='lat' dir='ltr'>del</span> <span class='ocrx_word' id='word_1_643' title='bbox 1782 2735 1876 2761; x_wconf 84' lang='lat' dir='ltr'>tucto</span> <span class='ocrx_word' id='word_1_644' title='bbox 1894 2729 1950 2760; x_wconf 86' lang='lat' dir='ltr'>elli</span> <span class='ocrx_word' id='word_1_645' title='bbox 1967 2739 2003 2760; x_wconf 86' lang='lat' dir='ltr'>se</span> 
     </span>
     <span class='ocr_line' id='line_1_104' title="bbox 1164 2780 2004 2821; baseline 0.004 -11"><span class='ocrx_word' id='word_1_646' title='bbox 1164 2780 1344 2821; x_wconf 76' lang='lat' dir='ltr'>artignisse</span> <span class='ocrx_word' id='word_1_647' title='bbox 1370 2780 1424 2811; x_wconf 85' lang='lat' dir='ltr'>dai</span> <span class='ocrx_word' id='word_1_648' title='bbox 1450 2780 1564 2813; x_wconf 80' lang='lat' dir='ltr'>damni</span> <span class='ocrx_word' id='word_1_649' title='bbox 1582 2782 1626 2813; x_wconf 85' lang='lat' dir='ltr'>de</span> <span class='ocrx_word' id='word_1_650' title='bbox 1650 2783 1773 2813; x_wconf 82' lang='lat' dir='ltr'>mesier</span> <span class='ocrx_word' id='word_1_651' title='bbox 1789 2782 1901 2814; x_wconf 81' lang='lat' dir='ltr'>Xicho</span> <span class='ocrx_word' id='word_1_652' title='bbox 1919 2790 1952 2813; x_wconf 85' lang='lat' dir='ltr'>et</span> <span class='ocrx_word' id='word_1_653' title='bbox 1970 2782 2004 2813; x_wconf 92' lang='lat' dir='ltr'>di</span> 
     </span>
     <span class='ocr_line' id='line_1_105' title="bbox 1163 2832 2002 2876; baseline 0.004 -13"><span class='ocrx_word' id='word_1_654' title='bbox 1163 2843 1201 2864; x_wconf 85' lang='lat' dir='ltr'>so</span> <span class='ocrx_word' id='word_1_655' title='bbox 1218 2833 1358 2864; x_wconf 88' lang='lat' dir='ltr'>homini.</span> <span class='ocrx_word' id='word_1_656' title='bbox 1384 2832 1434 2864; x_wconf 89' lang='lat' dir='ltr'>La</span> <span class='ocrx_word' id='word_1_657' title='bbox 1451 2834 1530 2876; x_wconf 87' lang='lat' dir='ltr'>qual</span> <span class='ocrx_word' id='word_1_658' title='bbox 1547 2844 1639 2874; x_wconf 80' lang='lat' dir='ltr'>cosa,</span> <span class='ocrx_word' id='word_1_659' title='bbox 1656 2845 1675 2866; x_wconf 96' lang='lat' dir='ltr'>o</span> <span class='ocrx_word' id='word_1_660' title='bbox 1694 2836 1758 2866; x_wconf 86' lang='lat' dir='ltr'>che</span> <span class='ocrx_word' id='word_1_661' title='bbox 1778 2835 1835 2866; x_wconf 89' lang='lat' dir='ltr'>elli</span> <span class='ocrx_word' id='word_1_662' title='bbox 1852 2835 1883 2865; x_wconf 83' lang='lat' dir='ltr'>la</span> <span class='ocrx_word' id='word_1_663' title='bbox 1901 2835 2002 2873; x_wconf 78' lang='lat' dir='ltr'>fesse,</span> 
     </span>
    </p>
   </div>
   <div class='ocr_carea' id='block_1_28' title="bbox 1253 2980 1866 3014">
    <p class='ocr_par' dir='ltr' id='par_1_28' title="bbox 1253 2980 1866 3014">
     <span class='ocr_line' id='line_1_106' title="bbox 1253 2980 1866 3014; baseline 0.003 -11"><span class='ocrx_word' id='word_1_664' title='bbox 1253 2987 1295 3011; x_wconf 84' lang='lat'>31.</span> <span class='ocrx_word' id='word_1_665' title='bbox 1317 2980 1479 3004; x_wconf 76' lang='lat' dir='ltr'>inbastante</span> <span class='ocrx_word' id='word_1_666' title='bbox 1496 2982 1520 3004; x_wconf 87' lang='lat' dir='ltr'><em>P</em></span> <span class='ocrx_word' id='word_1_667' title='bbox 1537 2994 1569 2999; x_wconf 88' lang='lat'>—</span> <span class='ocrx_word' id='word_1_668' title='bbox 1590 2990 1631 3014; x_wconf 70' lang='lat'>43.</span> <span class='ocrx_word' id='word_1_669' title='bbox 1652 2990 1753 3013; x_wconf 82' lang='lat' dir='ltr'>segnor</span> <span class='ocrx_word' id='word_1_670' title='bbox 1772 2990 1818 3006; x_wconf 82' lang='lat' dir='ltr'>om.</span> <span class='ocrx_word' id='word_1_671' title='bbox 1839 2982 1866 3005; x_wconf 82' lang='lat' dir='ltr'><em>P</em></span> 
     </span>
    </p>
   </div>
  </div>
 </body>
</html>
