2422 3684
481 250 653 287 GESTA
683 250 987 288 MAGNIFICA
1017 252 1200 288 DOMUS
1228 251 1620 289 CARRARIENSIS
1952 252 1995 291 77

471 385 612 417 REDAz.
637 384 671 417 A

148 456 211 487 mis
235 455 366 488 viribus
383 456 558 487 hanelant.
598 456 660 488 His
678 457 810 494 diebus,
828 457 995 489 videlicet

148 519 240 540 anno
273 509 403 540 domini
433 508 658 546 MCCCLVI,
696 510 752 541 die
790 511 867 541 lune
903 520 995 542 xxm

149 561 239 598 maii,
277 561 478 604 magnificus
517 561 675 593 dominus
712 563 920 594 Franciscus
952 564 995 594 de

149 614 307 646 Carraria
338 616 514 646 Baxanum
550 615 720 656 equitavit
755 626 901 658 moxque
932 616 996 647 Pa-

150 668 251 699 duam
275 677 433 699 reversus
457 673 519 698 est.
566 668 732 699 Dominus
758 679 839 699 vero
864 669 997 700 Xichus

149 720 392 752 nichilominus
416 720 461 751 ad
491 720 594 751 fovee
626 720 774 752 intendit
806 723 997 763 perfectio-

150 785 238 810 nem,
263 784 364 815 quam
395 774 534 805 tandem
567 781 720 806 secutam
754 785 834 806 mox
858 777 997 806 armatis

148 825 305 858 hostibus
327 826 547 866 permunivit,
578 836 646 867 quo
678 829 836 868 gentibus
868 828 998 859 domini

150 878 327 911 Francisci
351 879 461 910 omnis
493 879 535 910 de
570 886 688 911 cetero
721 880 919 912 obstruatur
942 891 1000 912 36-

150 942 275 964 cessus.
315 932 476 963 Gaudent
498 932 706 970 Tridentini,
722 934 851 976 gaudet
875 941 909 965 et
925 935 998 975 ipse

149 986 283 1018 Xichus
300 986 482 1018 conclusos
498 987 708 1027 aspicientes
725 989 853 1019 hostes:
880 997 899 1018 e
917 998 998 1019 con-

148 1045 200 1070 tra
223 1046 344 1081 gentes
366 1039 515 1080 predicti
546 1040 676 1070 domini
709 1040 900 1077 Francisci,
931 1051 999 1082 quo

148 1092 263 1124 minor
285 1092 368 1134 ipsis
392 1098 443 1123 est
474 1102 563 1133 spes,
597 1103 638 1124 eo
673 1093 808 1124 letalius
840 1094 874 1124 in
906 1094 999 1135 ipsos

147 1145 282 1177 seviunt
299 1148 429 1181 hostes3
449 1155 535 1187 quos
551 1146 704 1187 capiunt,
721 1147 851 1188 absque
869 1147 998 1188 pietate

148 1199 219 1230 ulla
236 1199 410 1230 trucidant
425 1205 459 1230 et
476 1199 652 1230 occidunt.
688 1200 896 1242 Magnificus
913 1210 998 1232 vero

150 1252 307 1283 dominus
345 1252 561 1288 Franciscus,
593 1252 707 1284 animo
746 1253 890 1284 volvens
931 1253 999 1284 suis

149 1304 279 1337 debere
315 1305 440 1336 amodo
480 1305 679 1337 necessaria
718 1306 882 1343 deficere,
922 1317 998 1338 cum

149 1364 369 1390 oneratorum
392 1357 620 1389 iumentorum
645 1358 863 1391 multitudine
889 1366 923 1390 et
947 1360 1000 1390 in-

149 1410 245 1452 genti
276 1415 481 1442 armatorum
514 1412 615 1452 copia
647 1412 787 1443 militem
821 1413 998 1455 egregium

150 1464 325 1495 dominum
349 1463 536 1495 Patharum
562 1465 605 1495 de
626 1464 898 1508 Β116636113111115
915 1466 999 1497 111116

150 1516 306 1559 equitare
330 1516 435 1553 iubet,
468 1517 527 1558 qui
559 1518 698 1549 foveam
730 1519 763 1549 vi
793 1525 935 1560 superet
967 1525 1001 1550 et

150 1576 264 1601 castra
298 1581 358 1601 sua
393 1569 516 1601 fulciat
555 1572 745 1612 oportunis.
792 1572 1000 1612 Impleturus

150 1623 240 1654 iussa
265 1623 425 1655 dominus
448 1623 593 1655 Patarus
617 1635 693 1656 cum
720 1626 855 1657 statutis
888 1626 1001 1666 copiis

150 1676 217 1708 iter
240 1677 424 1714 accelerat,
456 1687 533 1708 cum
566 1688 632 1720 quo
666 1678 709 1709 de
741 1678 862 1710 Padua
893 1679 1000 1710 infra-

150 1729 270 1770 scripti
294 1730 428 1761 nobiles
444 1731 652 1772 equitarunt,
670 1731 827 1762 dominus
851 1732 1000 1763 Lodovi-

151 1793 212 1814 cus
236 1783 280 1814 de
304 1781 464 1826 Forcate,
480 1783 639 1815 dominus
656 1783 858 1816 Albertinus
875 1785 919 1816 de
936 1785 1002 1816 Pe-

150 1845 245 1877 raga,
269 1835 430 1867 dominus
453 1835 644 1868 Ambaldus
672 1838 716 1869 de
734 1838 924 1879 Lotorigia,
942 1838 1001 1880 qui

152 1887 305 1920 Paduam
337 1890 495 1921 exierunt
529 1891 586 1921 die
618 1891 737 1922 martis
768 1892 887 1923 ultimo
912 1892 1003 1923 maii.

152 1944 316 1985 Moxque,
341 1944 512 1985 superatis
537 1951 651 1976 635110
676 1945 808 1976 Baxani
840 1952 872 1977 et
905 1946 1001 1977 Sola-

152 2007 231 2039 gna,
248 1997 481 2029 Primolanum
499 2009 575 2029 sero
593 1999 774 2039 applicant
791 1999 906 2041 ibique
925 2011 1002 2041 pern

153 2056 351 2082 noctaturus
367 2061 444 2083 cum
461 2051 529 2082 suis
545 2053 702 2084 dominus
718 2051 864 2083 Patarus
877 2053 1003 2089 defert,

153 2104 224 2145 qui,
247 2104 275 2134 si
299 2111 402 2136 nocte
427 2105 483 2136 via
506 2105 703 2136 indefessus
728 2106 926 2148 equitasset‚
951 2107 1004 2138 fo-

153 2167 252 2188 veam
295 2157 481 2198 reperisset
521 2158 781 2190 incustoditam.
838 2158 1002 2191 Adventu

153 2216 267 2241 autem
292 2210 420 2242 domini
452 2210 571 2242 Patari
605 2212 648 2243 ab
680 2212 837 2244 hostibus
864 2223 1003 2254 persen-

154 2263 229 2300 tito,
261 2264 390 2296 auxilia
420 2275 500 2296 mox
531 2265 685 2307 undique
717 2265 898 2308 colligunt,
927 2277 1003 2298 cum

154 2316 277 2358 quibus
300 2316 408 2357 ipsius
432 2317 562 2349 domini
586 2317 703 2349 Patari
726 2325 759 2349 et
783 2329 921 2350 suorum
946 2331 1003 2351 co-

153 2369 291 2402 natibus
313 2371 460 2404 obstent.
509 2372 675 2404 Dominus
705 2372 861 2410 patmus,
892 2374 1004 2405 luces-

154 2430 249 2455 sente
281 2424 349 2461 die,
381 2434 499 2456 versus
528 2426 666 2457 foveam
699 2427 802 2467 aripit
831 2427 908 2464 iter,
937 2439 1004 2469 qua

153 2482 291 2518 reperta
313 2477 356 2509 ab
380 2478 558 2520 armigeris
582 2484 616 2510 et
639 2478 826 2511 balistariis
850 2480 1003 2522 undique

155 2530 339 2566 custodita,
374 2540 453 2561 mox
487 2541 567 2563 suos
600 2538 729 2563 ortatur
762 2533 806 2564 ad
840 2543 1002 2575 pugnam.

156 2580 226 2612 Sed
250 2587 320 2612 tum
337 2581 519 2613 latitudine
538 2582 652 2620 fovee,
670 2589 739 2614 tum
757 2585 833 2615 loco
851 2585 895 2615 ad
913 2591 1002 2615 tran-

155 2633 254 2666 situm
280 2634 421 2672 difficili,
446 2645 523 2666 cum
548 2636 632 2667 forti
650 2637 794 2668 hostium
813 2637 1004 2676 obstaculo,

154 2696 216 2719 suo
239 2687 423 2719 frustratus
446 2690 636 2729 proposito,
660 2691 774 2721 multis
794 2690 859 2721 iam
876 2702 918 2722 ex
934 2691 1004 2722 suis

157 2751 175 2770 a
190 2739 373 2772 balistariis
389 2741 543 2773 hostibus
559 2742 732 2780 sauciatis,
750 2745 905 2785 receptui
920 2745 1002 2776 dare

156 2790 253 2832 signa
269 2790 375 2823 iubet.
400 2792 526 2835 Sicque
538 2800 659 2836 gentes
672 2794 853 2836 magnifici
871 2795 1002 2826 domini

157 2843 337 2876 Francisci
361 2855 381 2876 a
404 2845 508 2877 fovea
532 2846 713 2883 secedunt,
734 2857 776 2878 ex
792 2847 918 2888 quibus
935 2858 1003 2878 non

156 2896 284 2928 modici
308 2897 484 2935 Tasinum,
508 2898 624 2930 locum
641 2900 769 2931 domini
786 2900 904 2937 Xichi,
921 2900 1001 2932 viri-

157 2948 219 2980 bus
241 2949 379 2988 intrant,
404 2961 503 2992 quem
529 2963 608 2983 mox
632 2958 812 2994 exponunt
835 2954 943 2994 prede
969 2960 1003 2985 et

155 2999 242 3043 igni.
272 3001 499 3034 Comunicato
516 3002 644 3034 deinde
661 3014 739 3035 cum
756 3004 826 3035 suis
844 3004 1002 3041 consilio,

1066 880 1102 910 10

1067 1145 1102 1176 15

1063 1413 1104 1443 20

1067 1944 1107 1974 30

1068 2207 1106 2239 35

1069 2474 1108 2504 40

1068 3003 1107 3034 50

1475 386 1617 418 REDAz.
1643 386 1679 418 D

1153 459 1285 500 compir
1308 459 1341 489 la
1365 459 1470 495 fossa,
1494 468 1557 499 per
1582 468 1687 488 cason
1711 458 1767 489 del
1792 458 1871 499 qual
1903 458 1998 490 13νο-

1153 512 1245 543 riero
1269 522 1305 543 se
1332 512 1366 543 fa
1398 513 1505 543 moite
1537 512 1738 548 cavalcade,
1771 511 1997 553 sforcandose

1154 566 1184 595 le
1202 570 1306 606 gente
1324 565 1379 595 del
1396 564 1586 606 magnifico
1604 564 1722 594 misier
1739 565 1937 595 Francesco
1956 566 1999 595 da

1155 618 1302 649 Carrara
1327 618 1369 649 de
1394 618 1551 659 impaear
1574 617 1639 648 che
1663 627 1708 648 no
1736 628 1771 648 se
1798 617 1936 657 compia
1969 617 2001 648 la

1156 672 1250 702 dicta
1274 672 1377 708 fossa,
1402 677 1436 702 et
1459 675 1546 702 tutto
1572 670 1594 701 ’1
1618 670 1654 701 (11
1685 680 1752 701 6011
1776 670 1915 701 balestri
1948 681 2001 700 as-

1155 724 1241 755 salta
1265 724 1323 766 qui
1350 724 1414 755 che
1438 724 1566 755 lavora.
1600 723 1652 754 Da
1679 723 1790 754 l’aitra
1815 729 1912 765 parte
1930 734 2001 754 me-

1155 777 1225 807 sier
1248 777 1362 808 Xicho
1379 787 1445 808 6011
1462 777 1496 808 la
1519 781 1622 818 gente
1646 777 1690 807 da
1707 775 1850 813 Tremo,
1870 777 1913 807 (13
1931 776 2002 806 Ve-

1157 840 1252 866 rona,
1285 830 1341 861 (161
1373 831 1551 861 marchese
1583 829 1626 860 de
1652 829 1937 870 Brandembnrgo
1970 836 2003 860 et

1157 883 1214 914 del
1238 882 1322 913 duse
1356 883 1398 913 de
1431 883 1576 913 Baviera
1601 892 1636 913 se
1666 883 1783 923 storea
1814 881 1858 912 de
1890 882 2004 923 tegnir

1157 935 1251 967 serra
1274 935 1399 966 dentro
1425 935 1515 966 (13116
1540 936 1671 977 fortece
1698 935 1729 966 13
1753 942 1854 976 gente
1880 936 1934 966 (161
1960 935 2002 965 51-

1158 998 1246 1030 gnor
1270 988 1384 1019 rnisier
1407 990 1615 1025 Franceaeo,
1631 994 1726 1019 tanto
1745 988 1810 1018 che
1829 988 1850 1017 ’1
1867 988 2003 1029 compia

1157 1042 1190 1073 la
1214 1042 1315 1073 fossa.
1362 1041 1401 1072 In
1425 1042 1538 1083 questi
1564 1041 1607 1079 di,
1640 1041 1703 1083 coe
1736 1041 1771 1072 in
1804 1042 1896 1072 mille
1932 1048 2002 1072 tre-

1157 1100 1256 1126 sento
1280 1095 1467 1135 cinquanta
1490 1094 1550 1132 sei,
1574 1093 1608 1125 di
1627 1094 1697 1125 luni
1714 1103 1822 1127 xxnn
1840 1095 1882 1125 (16
1900 1094 2002 1131 maio,

1158 1147 1190 1178 61
1220 1148 1409 1190 magnifico
1440 1147 1558 1190 signor
1588 1147 1705 1178 misier
1727 1147 1925 1179 Francesco
1958 1147 2001 1178 da

1158 1200 1305 1232 Carrara
1330 1201 1498 1232 cavalcho
1523 1211 1542 1231 a
1567 1200 1705 1241 Bassam,
1720 1206 1753 1231 et
1770 1200 1884 1232 subito
1902 1200 2002 1231 torno

1159 1265 1178 1285 a
1202 1254 1307 1285 Pava.
1350 1254 1575 1285 Nientramen
1593 1254 1710 1285 misier
1724 1254 1839 1286 Xicho
1864 1265 1928 1295 pur
1951 1255 2002 1285 in-

1157 1308 1262 1339 tende
1286 1306 1318 1338 31
1341 1306 1510 1338 lavoriero
1535 1306 1628 1338 della
1652 1307 1756 1342 fossa.
1778 1307 1809 1338 el
1834 1307 1913 1349 qual
1938 1318 2002 1349 pur

1158 1360 1313 1402 seguido,
1338 1359 1452 1391 subito
1478 1360 1545 1391 ello
1571 1359 1602 1391 13
1626 1359 1719 1391 sorni
1744 1360 1788 1392 de
1813 1367 1916 1402 gente
1949 1370 2002 1390 ar-

1159 1413 1272 1449 merda,
1295 1412 1324 1444 si
1347 1413 1412 1444 che
1439 1412 1495 1444 (161
1520 1418 1610 1444 tutto
1635 1413 1686 1444 sia
1711 1413 1776 1444 mo’
1801 1414 1945 1444 serrada
1971 1413 2004 1444 13

1158 1466 1215 1496 via
1239 1466 1304 1496 3113
1329 1472 1432 1507 gente
1458 1466 1516 1497 del
1542 1466 1728 1509 magnifico
1755 1467 1880 1498 mesier
1897 1466 2004 1497 Fran-

1158 1529 1261 1550 cesco
1287 1518 1330 1550 de
1356 1529 1476 1560 posset
1506 1529 1665 1550 secorrer
1699 1519 1730 1549 ai
1762 1530 1799 1550 so
1831 1520 1926 1561 luogi
1959 1520 2002 1550 de

1160 1571 1202 1602 la.
1249 1571 1320 1602 Mo'
1344 1582 1378 1602 se
1404 1572 1521 1614 alegra
1540 1571 1640 1612 quilii
1658 1571 1703 1602 da
1719 1572 1864 1608 Tsento,
1882 1577 1916 1603 et
1933 1573 2002 1604 6051

1160 1624 1276 1655 misier
1299 1623 1424 1663 Xicho,
1449 1625 1515 1655 che
1531 1624 1562 1655 ie
1580 1635 1642 1665 par
1665 1625 1773 1655 haver
1789 1624 1921 1656 serradi
1937 1625 1948 1656 i
1964 1635 2001 1656 so

1160 1677 1291 1708 nemisi.
1335 1677 1378 1708 Et
1403 1677 1475 1708 cosi
1499 1688 1561 1718 per
1578 1678 1753 1709 contrario
1771 1679 1802 1708 la
1818 1684 1921 1720 gente
1946 1678 2003 1709 del

1160 1730 1318 1771 predicto
1343 1731 1460 1772 signor
1483 1730 1606 1762 mesier
1634 1732 1843 1767 Francesco,
1875 1738 2003 1772 quanto

1160 1784 1193 1814 16
1222 1795 1284 1825 par
1316 1783 1423 1814 haver
1452 1794 1574 1815 menor
1608 1795 1789 1827 speranca,
1820 1790 1916 1816 tanto
1947 1785 2004 1816 6111

1161 1837 1313 1868 doventa
1337 1836 1396 1877 piu
1428 1837 1571 1867 crudele
1597 1843 1630 1868 et
1655 1837 1779 1868 ancide
1803 1838 1881 1869 tutti
1907 1838 1972 1869 6116
1993 1838 2005 1868 i

1163 1890 1217 1931 pia
1242 1889 1277 1920 di
1299 1889 1431 1920 nemisi.
1479 1889 1521 1920 El
1545 1889 1726 1932 magnifico
1751 1890 1872 1922 mesier
1897 1891 2005 1922 Fran-

1161 1953 1264 1974 cesco
1289 1943 1332 1972 da
1356 1943 1514 1980 Carmm,
1546 1943 1758 1985 revolcando
1789 1954 1831 1974 ne
1864 1944 2003 1975 l’animo

1162 2006 1199 2027 so
1225 1996 1332 2027 dover
1356 1996 1445 2026 omai
1469 1995 1536 2027 alle
1554 2002 1656 2037 gente
1681 1996 1716 2027 di
1740 2006 1777 2027 so
1802 1997 1894 2039 luogi
1922 1997 2005 2028 Per-

1162 2059 1259 2091 66116,
1286 2049 1401 2085 selva,
1425 2049 1559 2091 Levigo
1584 2055 1617 2081 et
1648 2050 1885 2081 Rochabruna
1910 2062 2003 2081 man-

1162 2103 1246 2133 char
1270 2102 1299 2132 le
1326 2112 1404 2133 cose
1430 2103 1636 2139 necessarie,
1660 2104 1830 2135 comando
1856 2105 1919 2134 che
1945 2104 2004 2134 l'e-

1161 2155 1284 2197 gregio
1309 2155 1519 2186 chavalliero
1545 2156 1672 2186 mesier
1699 2156 1848 2188 Patharo
1873 2157 1907 2189 di
1936 2156 2004 2187 Bu-

1163 2208 1338 2250 63611311111
1353 2217 1418 2238 6011
1431 2208 1649 2239 moltitudine
1667 2210 1709 2240 de
1726 2209 1854 2241 homini
1871 2211 2004 2242 armadi

1163 2268 1197 2292 et
1221 2271 1286 2292 con
1311 2271 1397 2302 gran
1421 2261 1633 2293 fornimento
1658 2263 1702 2294 de
1727 2269 1885 2304 ‚cumente
1910 2273 2006 2295 care-

1162 2315 1252 2357 gade
1276 2314 1422 2346 dovesse
1448 2315 1633 2346 cavalchar
1649 2316 1681 2346 ai
1699 2316 1784 2347 dicti
1801 2316 1907 2358 luogi‚
1925 2327 2003 2358 pas-

1162 2378 1216 2398 sar
1239 2368 1273 2398 la
1297 2367 1392 2398 fossa
1416 2377 1479 2407 per
1502 2367 1599 2409 {orca
1624 2374 1658 2399 et
1682 2368 1777 2410 quilli
1803 2369 1916 2400 fornir
1933 2370 2005 2401 d’o-

1163 2420 1222 2462 gni
1248 2430 1329 2452 cosa
1353 2420 1561 2452 necessaria.
1608 2421 1674 2452 Per
1701 2422 1838 2453 torniri
1864 2433 2004 2454 coman-

1163 2474 1316 2505 damenti
1347 2472 1403 2504 del
1443 2473 1626 2514 magnifico
1662 2484 1700 2506 so
1735 2474 1854 2517 signor
1890 2487 2004 2507 1116561·

1162 2526 1370 2563 Francesco,
1399 2526 1430 2557 61
1465 2527 1663 2559 sovradicto
1700 2527 1816 2559 misier
1851 2528 2003 2561 Patharo

1163 2590 1198 2610 se
1223 2585 1320 2620 parte
1338 2589 1403 2610 6011
1420 2579 1453 2609 16
1471 2585 1627 2622 comente
1644 2586 1679 2611 et
1694 2587 1796 2623 gente
1815 2583 2003 2618 ordenade,

1164 2642 1229 2663 con
1242 2632 1273 2662 le
1288 2631 1389 2672 quale
1406 2632 1598 2664 chavalcho
1614 2633 1624 2663 i
1642 2633 1750 2665 nobili
1767 2634 2000 2676 infrascripti:

1162 2685 1285 2715 11165161
1309 2685 1410 2715 Loise
1436 2685 1593 2727 Forcate„
1618 2687 1742 2718 mesier
1766 2686 1927 2718 Albertin
1958 2689 2002 2719 da

1163 2739 1308 2781 Per-aga,
1333 2739 1456 2769 mesier
1479 2739 1651 2770 Ambaldo
1677 2741 1720 2771 da
1747 2740 1938 2784 Lotorigia‚
1971 2748 2006 2774 et

1161 2792 1226 2822 insi
1251 2798 1387 2823 costoro
1412 2792 1455 2822 de
1480 2791 1573 2824 Pava
1596 2792 1739 2825 l'ultimo
1764 2794 1799 2825 di
1827 2795 1870 2825 de
1894 2805 2005 2837 111360,

1162 2855 1207 2875 un
1232 2844 1341 2875 marti.
1388 2844 1432 2875 Et
1455 2845 1536 2886 quel
1561 2845 1606 2883 di,
1631 2848 1778 2888 passado
1803 2847 1954 2879 Bassano
1972 2856 2005 2880 et

1162 2896 1324 2939 Solagna,
1356 2898 1388 2928 la
1423 2908 1500 2929 sera
1531 2899 1627 2930 arivb
1659 2911 1678 2930 a
1710 2899 1897 2939 Primolan,
1922 2907 1956 2933 et
1980 2902 2004 2932 li

1162 2950 1326 2981 s'indusio
1352 2951 1396 2982 ad
1421 2951 1582 2993 albergar
1612 2963 1723 2984 meser
1754 2953 1903 2985 Patharo
1936 2965 2004 2986 con

1161 3005 1192 3035 le
1210 3004 1296 3035 altre
1313 3010 1429 3046 gente,
1446 3005 1478 3036 el
1495 3004 1586 3047 qual,
1603 3015 1639 3037 se
1654 3006 1768 3048 quella
1784 3012 1886 3039 nocte
1899 3017 2004 3050 561163
