<?xml version="1.0" encoding="UTF-8"?>
<!DOCTYPE html PUBLIC "-//W3C//DTD XHTML 1.0 Transitional//EN"
    "http://www.w3.org/TR/xhtml1/DTD/xhtml1-transitional.dtd">
<html xmlns="http://www.w3.org/1999/xhtml" xml:lang="en" lang="en">
 <head>
  <title>
</title>
<meta http-equiv="Content-Type" content="text/html;charset=utf-8" />
  <meta name='ocr-system' content='tesseract 3.04.00' />
  <meta name='ocr-capabilities' content='ocr_page ocr_carea ocr_par ocr_line ocrx_word'/>
</head>
<body>
  <div class='ocr_page' id='page_1' title='image "./p1f11rerumitalica17murauoft_0198.png"; bbox 0 0 2422 3684; ppageno 0'>
   <div class='ocr_carea' id='block_1_1' title="bbox 719 379 916 412">
    <p class='ocr_par' dir='ltr' id='par_1_1' title="bbox 719 379 916 412">
     <span class='ocr_line' id='line_1_1' title="bbox 719 379 916 412; baseline 0.005 -1"><span class='ocrx_word' id='word_1_1' title='bbox 719 380 861 412; x_wconf 72' lang='lat' dir='ltr'>REDAZ.</span> <span class='ocrx_word' id='word_1_2' title='bbox 884 379 916 412; x_wconf 84' lang='lat' dir='ltr'><em>A</em></span> 
     </span>
    </p>
   </div>
   <div class='ocr_carea' id='block_1_2' title="bbox 397 451 1243 2833">
    <p class='ocr_par' dir='ltr' id='par_1_2' title="bbox 397 451 1243 2833">
     <span class='ocr_line' id='line_1_2' title="bbox 397 451 1241 495; baseline 0 -12"><span class='ocrx_word' id='word_1_3' title='bbox 397 463 474 483; x_wconf 85' lang='lat' dir='ltr'>nem</span> <span class='ocrx_word' id='word_1_4' title='bbox 502 451 621 495; x_wconf 79' lang='lat' dir='ltr'>Vegle‚</span> <span class='ocrx_word' id='word_1_5' title='bbox 639 451 773 483; x_wconf 87' lang='lat' dir='ltr'>affinem</span> <span class='ocrx_word' id='word_1_6' title='bbox 792 463 900 488; x_wconf 84' lang='lat' dir='ltr'>suum,</span> <span class='ocrx_word' id='word_1_7' title='bbox 917 453 962 483; x_wconf 87' lang='lat' dir='ltr'>ad</span> <span class='ocrx_word' id='word_1_8' title='bbox 979 452 1137 482; x_wconf 90' lang='lat' dir='ltr'>dominos</span> <span class='ocrx_word' id='word_1_9' title='bbox 1154 451 1241 483; x_wconf 80' lang='lat' dir='ltr'>misit</span> 
     </span>
     <span class='ocr_line' id='line_1_3' title="bbox 397 505 1241 546; baseline 0 -10"><span class='ocrx_word' id='word_1_10' title='bbox 397 506 664 546; x_wconf 80' lang='lat' dir='ltr'>prenominatos,</span> <span class='ocrx_word' id='word_1_11' title='bbox 690 511 723 535; x_wconf 92' lang='lat' dir='ltr'>et</span> <span class='ocrx_word' id='word_1_12' title='bbox 747 505 812 535; x_wconf 86' lang='lat' dir='ltr'>hoc</span> <span class='ocrx_word' id='word_1_13' title='bbox 830 505 873 535; x_wconf 90' lang='lat' dir='ltr'>de</span> <span class='ocrx_word' id='word_1_14' title='bbox 899 515 1014 535; x_wconf 81' lang='lat' dir='ltr'>mense</span> <span class='ocrx_word' id='word_1_15' title='bbox 1039 505 1169 541; x_wconf 85' lang='lat' dir='ltr'>marcii,</span> <span class='ocrx_word' id='word_1_16' title='bbox 1187 516 1241 536; x_wconf 88' lang='lat' dir='ltr'>su-</span> 
     </span>
     <span class='ocr_line' id='line_1_4' title="bbox 398 556 1242 599; baseline -0.001 -10"><span class='ocrx_word' id='word_1_17' title='bbox 398 569 459 599; x_wconf 88' lang='lat' dir='ltr'>per</span> <span class='ocrx_word' id='word_1_18' title='bbox 474 559 566 590; x_wconf 78' lang='lat' dir='ltr'>facto</span> <span class='ocrx_word' id='word_1_19' title='bbox 581 564 725 599; x_wconf 77' lang='lat' dir='ltr'>treugue</span> <span class='ocrx_word' id='word_1_20' title='bbox 740 558 1018 599; x_wconf 78' lang='lat' dir='ltr'>compositurum.</span> <span class='ocrx_word' id='word_1_21' title='bbox 1045 556 1157 593; x_wconf 78' lang='lat' dir='ltr'>Quam</span> <span class='ocrx_word' id='word_1_22' title='bbox 1173 559 1242 590; x_wconf 84' lang='lat' dir='ltr'>dux</span> 
     </span>
     <span class='ocr_line' id='line_1_5' title="bbox 397 610 1240 653; baseline 0.001 -12"><span class='ocrx_word' id='word_1_23' title='bbox 397 611 470 652; x_wconf 88' lang='lat' dir='ltr'>ipse</span> <span class='ocrx_word' id='word_1_24' title='bbox 506 611 684 653; x_wconf 86' lang='lat' dir='ltr'>querebat,</span> <span class='ocrx_word' id='word_1_25' title='bbox 709 618 821 652; x_wconf 86' lang='lat' dir='ltr'>posset</span> <span class='ocrx_word' id='word_1_26' title='bbox 845 617 880 641; x_wconf 92' lang='lat' dir='ltr'>ut</span> <span class='ocrx_word' id='word_1_27' title='bbox 909 610 997 641; x_wconf 81' lang='lat' dir='ltr'>locis</span> <span class='ocrx_word' id='word_1_28' title='bbox 1027 621 1240 648; x_wconf 83' lang='lat' dir='ltr'>succurrere,</span> 
     </span>
     <span class='ocr_line' id='line_1_6' title="bbox 398 663 1241 707; baseline -0.001 -12"><span class='ocrx_word' id='word_1_29' title='bbox 398 674 483 706; x_wconf 89' lang='lat' dir='ltr'>quos</span> <span class='ocrx_word' id='word_1_30' title='bbox 508 664 541 694; x_wconf 89' lang='lat' dir='ltr'>in</span> <span class='ocrx_word' id='word_1_31' title='bbox 567 663 683 695; x_wconf 87' lang='lat' dir='ltr'>Patria</span> <span class='ocrx_word' id='word_1_32' title='bbox 709 665 865 707; x_wconf 81' lang='lat' dir='ltr'>Forijulii</span> <span class='ocrx_word' id='word_1_33' title='bbox 890 664 963 704; x_wconf 87' lang='lat' dir='ltr'>ipse</span> <span class='ocrx_word' id='word_1_34' title='bbox 990 669 1023 694; x_wconf 89' lang='lat' dir='ltr'>et</span> <span class='ocrx_word' id='word_1_35' title='bbox 1054 664 1241 705; x_wconf 82' lang='lat' dir='ltr'><strong>complices</strong></span> 
     </span>
     <span class='ocr_line' id='line_1_7' title="bbox 397 717 1241 759; baseline 0 -11"><span class='ocrx_word' id='word_1_36' title='bbox 397 717 571 753; x_wconf 86' lang='lat' dir='ltr'>tenebant,</span> <span class='ocrx_word' id='word_1_37' title='bbox 589 727 668 748; x_wconf 83' lang='lat' dir='ltr'>mox</span> <span class='ocrx_word' id='word_1_38' title='bbox 684 718 721 748; x_wconf 90' lang='lat' dir='ltr'>in</span> <span class='ocrx_word' id='word_1_39' title='bbox 737 717 976 759; x_wconf 68' lang='lat' dir='ltr'>colligatorum</span> <span class='ocrx_word' id='word_1_40' title='bbox 994 722 1156 748; x_wconf 88' lang='lat' dir='ltr'>venturos</span> <span class='ocrx_word' id='word_1_41' title='bbox 1178 727 1241 758; x_wconf 93' lang='lat' dir='ltr'>po-</span> 
     </span>
     <span class='ocr_line' id='line_1_8' title="bbox 397 769 1240 810; baseline 0 -10"><span class='ocrx_word' id='word_1_42' title='bbox 397 776 566 808; x_wconf 78' lang='lat' dir='ltr'><strong>testatem,</strong></span> <span class='ocrx_word' id='word_1_43' title='bbox 594 770 657 801; x_wconf 86' lang='lat' dir='ltr'>nisi</span> <span class='ocrx_word' id='word_1_44' title='bbox 678 770 763 801; x_wconf 90' lang='lat' dir='ltr'>locis</span> <span class='ocrx_word' id='word_1_45' title='bbox 780 769 947 810; x_wconf 82' lang='lat' dir='ltr'>predictis</span> <span class='ocrx_word' id='word_1_46' title='bbox 967 769 1010 800; x_wconf 91' lang='lat' dir='ltr'>de</span> <span class='ocrx_word' id='word_1_47' title='bbox 1034 769 1240 800; x_wconf 66' lang='lat' dir='ltr'>victualibus</span> 
     </span>
     <span class='ocr_line' id='line_1_9' title="bbox 397 822 1239 865; baseline -0.001 -11"><span class='ocrx_word' id='word_1_48' title='bbox 397 823 647 864; x_wconf 77' lang='lat' dir='ltr'>provideretur.</span> <span class='ocrx_word' id='word_1_49' title='bbox 679 822 740 854; x_wconf 85' lang='lat' dir='ltr'>Set</span> <span class='ocrx_word' id='word_1_50' title='bbox 753 823 855 865; x_wconf 85' lang='lat' dir='ltr'>longe</span> <span class='ocrx_word' id='word_1_51' title='bbox 871 823 976 853; x_wconf 85' lang='lat' dir='ltr'>multo</span> <span class='ocrx_word' id='word_1_52' title='bbox 989 822 1099 863; x_wconf 87' lang='lat' dir='ltr'>ipsum</span> <span class='ocrx_word' id='word_1_53' title='bbox 1114 823 1239 854; x_wconf 88' lang='lat' dir='ltr'>ducem</span> 
     </span>
     <span class='ocr_line' id='line_1_10' title="bbox 399 875 1240 917; baseline 0 -10"><span class='ocrx_word' id='word_1_54' title='bbox 399 887 498 917; x_wconf 87' lang='lat' dir='ltr'>quam</span> <span class='ocrx_word' id='word_1_55' title='bbox 533 876 714 917; x_wconf 80' lang='lat' dir='ltr'>colligatos</span> <span class='ocrx_word' id='word_1_56' title='bbox 747 875 877 906; x_wconf 80' lang='lat' dir='ltr'>fefellit</span> <span class='ocrx_word' id='word_1_57' title='bbox 908 881 1145 916; x_wconf 84' lang='lat' dir='ltr'>preconcepta</span> <span class='ocrx_word' id='word_1_58' title='bbox 1180 876 1240 907; x_wconf 84' lang='lat' dir='ltr'>de-</span> 
     </span>
     <span class='ocr_line' id='line_1_11' title="bbox 399 927 1241 970; baseline -0.001 -10"><span class='ocrx_word' id='word_1_59' title='bbox 399 929 523 970; x_wconf 83' lang='lat' dir='ltr'>ceptio.</span> <span class='ocrx_word' id='word_1_60' title='bbox 570 928 677 959; x_wconf 86' lang='lat' dir='ltr'>Venit</span> <span class='ocrx_word' id='word_1_61' title='bbox 694 928 825 969; x_wconf 82' lang='lat' dir='ltr'>quippe</span> <span class='ocrx_word' id='word_1_62' title='bbox 843 938 960 959; x_wconf 89' lang='lat' dir='ltr'>comes</span> <span class='ocrx_word' id='word_1_63' title='bbox 976 927 1049 969; x_wconf 87' lang='lat' dir='ltr'>ipse</span> <span class='ocrx_word' id='word_1_64' title='bbox 1067 927 1241 959; x_wconf 86' lang='lat' dir='ltr'>Iohannes</span> 
     </span>
     <span class='ocr_line' id='line_1_12' title="bbox 397 981 1239 1023; baseline -0.001 -11"><span class='ocrx_word' id='word_1_65' title='bbox 397 982 554 1022; x_wconf 79' lang='lat' dir='ltr'>primitus</span> <span class='ocrx_word' id='word_1_66' title='bbox 570 982 613 1011; x_wconf 84' lang='lat' dir='ltr'>ad</span> <span class='ocrx_word' id='word_1_67' title='bbox 630 982 887 1023; x_wconf 72' lang='lat' dir='ltr'>aquilegensem</span> <span class='ocrx_word' id='word_1_68' title='bbox 902 981 1143 1022; x_wconf 81' lang='lat' dir='ltr'>patriarcham.</span> <span class='ocrx_word' id='word_1_69' title='bbox 1176 981 1239 1013; x_wconf 85' lang='lat' dir='ltr'>Cui</span> 
     </span>
     <span class='ocr_line' id='line_1_13' title="bbox 398 1034 1238 1077; baseline -0.001 -12"><span class='ocrx_word' id='word_1_70' title='bbox 398 1035 585 1077; x_wconf 83' lang='lat' dir='ltr'>legacionis</span> <span class='ocrx_word' id='word_1_71' title='bbox 622 1045 680 1065; x_wconf 77' lang='lat' dir='ltr'>suc</span> <span class='ocrx_word' id='word_1_72' title='bbox 717 1035 807 1065; x_wconf 72' lang='lat' dir='ltr'>serie</span> <span class='ocrx_word' id='word_1_73' title='bbox 843 1034 1010 1076; x_wconf 79' lang='lat' dir='ltr'>exposita,</span> <span class='ocrx_word' id='word_1_74' title='bbox 1037 1044 1238 1075; x_wconf 88' lang='lat' dir='ltr'>responsum</span> 
     </span>
     <span class='ocr_line' id='line_1_14' title="bbox 398 1087 1239 1130; baseline -0.001 -12"><span class='ocrx_word' id='word_1_75' title='bbox 398 1088 515 1120; x_wconf 85' lang='lat' dir='ltr'>habuit</span> <span class='ocrx_word' id='word_1_76' title='bbox 531 1089 575 1120; x_wconf 87' lang='lat' dir='ltr'>ad</span> <span class='ocrx_word' id='word_1_77' title='bbox 589 1088 757 1129; x_wconf 76' lang='lat' dir='ltr'>exposita,</span> <span class='ocrx_word' id='word_1_78' title='bbox 769 1089 862 1130; x_wconf 91' lang='lat' dir='ltr'>quod</span> <span class='ocrx_word' id='word_1_79' title='bbox 879 1088 1007 1129; x_wconf 75' lang='lat' dir='ltr'>absque</span> <span class='ocrx_word' id='word_1_80' title='bbox 1020 1087 1107 1118; x_wconf 85' lang='lat' dir='ltr'>uniti</span> <span class='ocrx_word' id='word_1_81' title='bbox 1123 1097 1239 1118; x_wconf 90' lang='lat' dir='ltr'>secum</span> 
     </span>
     <span class='ocr_line' id='line_1_15' title="bbox 399 1140 1240 1173; baseline -0.004 0"><span class='ocrx_word' id='word_1_82' title='bbox 399 1142 527 1173; x_wconf 89' lang='lat' dir='ltr'>domini</span> <span class='ocrx_word' id='word_1_83' title='bbox 552 1141 730 1173; x_wconf 84' lang='lat' dir='ltr'>Francisci</span> <span class='ocrx_word' id='word_1_84' title='bbox 753 1141 797 1172; x_wconf 86' lang='lat' dir='ltr'>de</span> <span class='ocrx_word' id='word_1_85' title='bbox 823 1141 981 1173; x_wconf 84' lang='lat' dir='ltr'>Carraria</span> <span class='ocrx_word' id='word_1_86' title='bbox 1012 1140 1157 1172; x_wconf 88' lang='lat' dir='ltr'>scientia</span> <span class='ocrx_word' id='word_1_87' title='bbox 1189 1140 1240 1170; x_wconf 76' lang='lat' dir='ltr'>fa-</span> 
     </span>
     <span class='ocr_line' id='line_1_16' title="bbox 397 1193 1240 1236; baseline -0.004 -10"><span class='ocrx_word' id='word_1_88' title='bbox 397 1205 476 1226; x_wconf 88' lang='lat' dir='ltr'>cere</span> <span class='ocrx_word' id='word_1_89' title='bbox 502 1194 549 1225; x_wconf 87' lang='lat' dir='ltr'>nil</span> <span class='ocrx_word' id='word_1_90' title='bbox 574 1200 720 1235; x_wconf 86' lang='lat' dir='ltr'>poterat,</span> <span class='ocrx_word' id='word_1_91' title='bbox 744 1194 922 1236; x_wconf 78' lang='lat' dir='ltr'>simileque</span> <span class='ocrx_word' id='word_1_92' title='bbox 947 1194 989 1225; x_wconf 86' lang='lat' dir='ltr'>ab</span> <span class='ocrx_word' id='word_1_93' title='bbox 1013 1195 1089 1235; x_wconf 90' lang='lat' dir='ltr'>ipso</span> <span class='ocrx_word' id='word_1_94' title='bbox 1107 1193 1240 1235; x_wconf 88' lang='lat' dir='ltr'>magni-</span> 
     </span>
     <span class='ocr_line' id='line_1_17' title="bbox 398 1247 1239 1289; baseline -0.005 -9"><span class='ocrx_word' id='word_1_95' title='bbox 398 1249 462 1280; x_wconf 87' lang='lat' dir='ltr'>fico</span> <span class='ocrx_word' id='word_1_96' title='bbox 486 1249 623 1280; x_wconf 88' lang='lat' dir='ltr'>domino</span> <span class='ocrx_word' id='word_1_97' title='bbox 642 1248 760 1279; x_wconf 82' lang='lat' dir='ltr'>habuit</span> <span class='ocrx_word' id='word_1_98' title='bbox 776 1258 993 1289; x_wconf 88' lang='lat' dir='ltr'>responsum,</span> <span class='ocrx_word' id='word_1_99' title='bbox 1009 1253 1062 1278; x_wconf 83' lang='lat' dir='ltr'>set</span> <span class='ocrx_word' id='word_1_100' title='bbox 1078 1247 1172 1289; x_wconf 91' lang='lat' dir='ltr'>quod</span> <span class='ocrx_word' id='word_1_101' title='bbox 1188 1256 1239 1276; x_wconf 90' lang='lat' dir='ltr'>re-</span> 
     </span>
     <span class='ocr_line' id='line_1_18' title="bbox 398 1300 1240 1342; baseline -0.002 -10"><span class='ocrx_word' id='word_1_102' title='bbox 398 1302 486 1333; x_wconf 89' lang='lat' dir='ltr'>diret</span> <span class='ocrx_word' id='word_1_103' title='bbox 510 1302 555 1332; x_wconf 88' lang='lat' dir='ltr'>ad</span> <span class='ocrx_word' id='word_1_104' title='bbox 585 1301 696 1342; x_wconf 72' lang='lat' dir='ltr'>ipsum</span> <span class='ocrx_word' id='word_1_105' title='bbox 728 1301 906 1332; x_wconf 91' lang='lat' dir='ltr'>dominum</span> <span class='ocrx_word' id='word_1_106' title='bbox 938 1300 1181 1341; x_wconf 79' lang='lat' dir='ltr'>patriarcham,</span> <span class='ocrx_word' id='word_1_107' title='bbox 1208 1304 1240 1330; x_wconf 84' lang='lat' dir='ltr'>et</span> 
     </span>
     <span class='ocr_line' id='line_1_19' title="bbox 398 1352 1241 1397; baseline -0.005 -11"><span class='ocrx_word' id='word_1_108' title='bbox 398 1356 490 1397; x_wconf 90' lang='lat' dir='ltr'>quod</span> <span class='ocrx_word' id='word_1_109' title='bbox 514 1355 586 1395; x_wconf 91' lang='lat' dir='ltr'>ipse</span> <span class='ocrx_word' id='word_1_110' title='bbox 611 1354 715 1386; x_wconf 87' lang='lat' dir='ltr'>etiam</span> <span class='ocrx_word' id='word_1_111' title='bbox 739 1354 783 1385; x_wconf 89' lang='lat' dir='ltr'>ad</span> <span class='ocrx_word' id='word_1_112' title='bbox 809 1365 885 1385; x_wconf 91' lang='lat' dir='ltr'>eum</span> <span class='ocrx_word' id='word_1_113' title='bbox 911 1353 1069 1384; x_wconf 86' lang='lat' dir='ltr'>micteret</span> <span class='ocrx_word' id='word_1_114' title='bbox 1097 1352 1241 1383; x_wconf 82' lang='lat' dir='ltr'>nuncios</span> 
     </span>
     <span class='ocr_line' id='line_1_20' title="bbox 397 1405 1241 1447; baseline -0.004 -8"><span class='ocrx_word' id='word_1_115' title='bbox 397 1418 474 1439; x_wconf 89' lang='lat' dir='ltr'>suos</span> <span class='ocrx_word' id='word_1_116' title='bbox 492 1409 533 1439; x_wconf 92' lang='lat' dir='ltr'>de</span> <span class='ocrx_word' id='word_1_117' title='bbox 550 1408 746 1438; x_wconf 74' lang='lat' dir='ltr'>intencione</span> <span class='ocrx_word' id='word_1_118' title='bbox 762 1407 870 1447; x_wconf 87' lang='lat' dir='ltr'>ipsius</span> <span class='ocrx_word' id='word_1_119' title='bbox 886 1407 1083 1443; x_wconf 82' lang='lat' dir='ltr'>instructos,</span> <span class='ocrx_word' id='word_1_120' title='bbox 1101 1412 1134 1437; x_wconf 87' lang='lat' dir='ltr'>et</span> <span class='ocrx_word' id='word_1_121' title='bbox 1147 1405 1241 1447; x_wconf 91' lang='lat' dir='ltr'>quod</span> 
     </span>
     <span class='ocr_line' id='line_1_21' title="bbox 397 1458 1241 1501; baseline -0.006 -7"><span class='ocrx_word' id='word_1_122' title='bbox 397 1470 479 1494; x_wconf 89' lang='lat' dir='ltr'>tunc</span> <span class='ocrx_word' id='word_1_123' title='bbox 511 1461 623 1492; x_wconf 91' lang='lat' dir='ltr'>eidem</span> <span class='ocrx_word' id='word_1_124' title='bbox 658 1461 926 1501; x_wconf 86' lang='lat' dir='ltr'>responderetur</span> <span class='ocrx_word' id='word_1_125' title='bbox 957 1460 1040 1501; x_wconf 87' lang='lat' dir='ltr'>quid</span> <span class='ocrx_word' id='word_1_126' title='bbox 1072 1470 1134 1500; x_wconf 89' lang='lat' dir='ltr'>pro</span> <span class='ocrx_word' id='word_1_127' title='bbox 1166 1458 1241 1490; x_wconf 88' lang='lat' dir='ltr'>utili</span> 
     </span>
     <span class='ocr_line' id='line_1_22' title="bbox 397 1512 1240 1557; baseline -0.006 -11"><span class='ocrx_word' id='word_1_128' title='bbox 397 1516 554 1547; x_wconf 86' lang='lat' dir='ltr'>instantis</span> <span class='ocrx_word' id='word_1_129' title='bbox 573 1515 710 1557; x_wconf 84' lang='lat' dir='ltr'>negocii</span> <span class='ocrx_word' id='word_1_130' title='bbox 731 1515 878 1545; x_wconf 84' lang='lat' dir='ltr'>fiendum</span> <span class='ocrx_word' id='word_1_131' title='bbox 896 1514 1082 1545; x_wconf 82' lang='lat' dir='ltr'>videretur.</span> <span class='ocrx_word' id='word_1_132' title='bbox 1117 1512 1240 1553; x_wconf 84' lang='lat' dir='ltr'>Dispo-</span> 
     </span>
     <span class='ocr_line' id='line_1_23' title="bbox 397 1565 1242 1608; baseline -0.006 -8"><span class='ocrx_word' id='word_1_133' title='bbox 397 1574 536 1600; x_wconf 88' lang='lat' dir='ltr'>suerant</span> <span class='ocrx_word' id='word_1_134' title='bbox 564 1574 677 1599; x_wconf 84' lang='lat' dir='ltr'>tamen</span> <span class='ocrx_word' id='word_1_135' title='bbox 707 1567 774 1608; x_wconf 88' lang='lat' dir='ltr'>ipsi</span> <span class='ocrx_word' id='word_1_136' title='bbox 807 1567 936 1598; x_wconf 84' lang='lat' dir='ltr'>domini</span> <span class='ocrx_word' id='word_1_137' title='bbox 971 1565 1177 1598; x_wconf 82' lang='lat' dir='ltr'>Franciscus</span> <span class='ocrx_word' id='word_1_138' title='bbox 1208 1570 1242 1595; x_wconf 88' lang='lat' dir='ltr'>et</span> 
     </span>
     <span class='ocr_line' id='line_1_24' title="bbox 398 1618 1243 1665; baseline -0.008 -10"><span class='ocrx_word' id='word_1_139' title='bbox 398 1624 597 1665; x_wconf 76' lang='lat' dir='ltr'>patriarcha</span> <span class='ocrx_word' id='word_1_140' title='bbox 612 1621 869 1653; x_wconf 81' lang='lat' dir='ltr'>deliberacione</span> <span class='ocrx_word' id='word_1_141' title='bbox 896 1631 938 1651; x_wconf 79' lang='lat' dir='ltr'>ne</span> <span class='ocrx_word' id='word_1_142' title='bbox 953 1618 1243 1662; x_wconf 76' lang='lat' dir='ltr'>petitaconcordi‚</span> 
     </span>
     <span class='ocr_line' id='line_1_25' title="bbox 399 1673 1240 1719; baseline -0.008 -10"><span class='ocrx_word' id='word_1_143' title='bbox 399 1687 541 1719; x_wconf 78' lang='lat' dir='ltr'>treugua</span> <span class='ocrx_word' id='word_1_144' title='bbox 565 1677 749 1707; x_wconf 78' lang='lat' dir='ltr'>duceretur</span> <span class='ocrx_word' id='word_1_145' title='bbox 773 1675 818 1705; x_wconf 87' lang='lat' dir='ltr'>ad</span> <span class='ocrx_word' id='word_1_146' title='bbox 844 1674 1020 1710; x_wconf 78' lang='lat' dir='ltr'>effectum,</span> <span class='ocrx_word' id='word_1_147' title='bbox 1034 1679 1067 1704; x_wconf 87' lang='lat' dir='ltr'>et</span> <span class='ocrx_word' id='word_1_148' title='bbox 1091 1673 1156 1703; x_wconf 87' lang='lat' dir='ltr'>hoc</span> <span class='ocrx_word' id='word_1_149' title='bbox 1173 1677 1240 1703; x_wconf 84' lang='lat' dir='ltr'>tam</span> 
     </span>
     <span class='ocr_line' id='line_1_26' title="bbox 398 1727 1238 1768; baseline -0.007 -6"><span class='ocrx_word' id='word_1_150' title='bbox 398 1737 516 1762; x_wconf 89' lang='lat' dir='ltr'>notata</span> <span class='ocrx_word' id='word_1_151' title='bbox 546 1729 645 1760; x_wconf 88' lang='lat' dir='ltr'>ducis</span> <span class='ocrx_word' id='word_1_152' title='bbox 676 1733 790 1759; x_wconf 89' lang='lat' dir='ltr'>mente</span> <span class='ocrx_word' id='word_1_153' title='bbox 827 1727 967 1758; x_wconf 83' lang='lat' dir='ltr'>astuciis</span> <span class='ocrx_word' id='word_1_154' title='bbox 999 1727 1103 1768; x_wconf 89' lang='lat' dir='ltr'>plena</span> <span class='ocrx_word' id='word_1_155' title='bbox 1139 1735 1238 1768; x_wconf 86' lang='lat' dir='ltr'>quam</span> 
     </span>
     <span class='ocr_line' id='line_1_27' title="bbox 399 1778 1242 1816; baseline -0.006 -2"><span class='ocrx_word' id='word_1_156' title='bbox 399 1785 550 1816; x_wconf 84' lang='lat' dir='ltr'>locorum</span> <span class='ocrx_word' id='word_1_157' title='bbox 575 1793 710 1813; x_wconf 85' lang='lat' dir='ltr'>suorum</span> <span class='ocrx_word' id='word_1_158' title='bbox 736 1782 771 1813; x_wconf 88' lang='lat' dir='ltr'>in</span> <span class='ocrx_word' id='word_1_159' title='bbox 796 1781 908 1812; x_wconf 83' lang='lat' dir='ltr'>Patria</span> <span class='ocrx_word' id='word_1_160' title='bbox 941 1780 1096 1813; x_wconf 87' lang='lat' dir='ltr'>Foriiulii</span> <span class='ocrx_word' id='word_1_161' title='bbox 1122 1778 1242 1811; x_wconf 88' lang='lat' dir='ltr'>condi-</span> 
     </span>
     <span class='ocr_line' id='line_1_28' title="bbox 399 1832 1242 1877; baseline -0.006 -10"><span class='ocrx_word' id='word_1_162' title='bbox 399 1838 498 1868; x_wconf 87' lang='lat' dir='ltr'>cione</span> <span class='ocrx_word' id='word_1_163' title='bbox 523 1835 611 1867; x_wconf 85' lang='lat' dir='ltr'>male</span> <span class='ocrx_word' id='word_1_164' title='bbox 636 1835 815 1876; x_wconf 80' lang='lat' dir='ltr'>disposita,</span> <span class='ocrx_word' id='word_1_165' title='bbox 840 1846 906 1877; x_wconf 86' lang='lat' dir='ltr'>que</span> <span class='ocrx_word' id='word_1_166' title='bbox 932 1832 1136 1866; x_wconf 83' lang='lat' dir='ltr'>necessariis</span> <span class='ocrx_word' id='word_1_167' title='bbox 1160 1842 1242 1864; x_wconf 89' lang='lat' dir='ltr'>cun-</span> 
     </span>
     <span class='ocr_line' id='line_1_29' title="bbox 399 1885 1241 1921; baseline -0.006 0"><span class='ocrx_word' id='word_1_168' title='bbox 399 1891 462 1921; x_wconf 86' lang='lat' dir='ltr'>ctis</span> <span class='ocrx_word' id='word_1_169' title='bbox 486 1895 584 1921; x_wconf 81' lang='lat' dir='ltr'>erant</span> <span class='ocrx_word' id='word_1_170' title='bbox 607 1895 642 1920; x_wconf 90' lang='lat' dir='ltr'>et</span> <span class='ocrx_word' id='word_1_171' title='bbox 664 1888 873 1920; x_wconf 80' lang='lat' dir='ltr'>victualibus</span> <span class='ocrx_word' id='word_1_172' title='bbox 896 1888 1071 1919; x_wconf 73' lang='lat' dir='ltr'>exhausta.</span> <span class='ocrx_word' id='word_1_173' title='bbox 1116 1885 1241 1918; x_wconf 88' lang='lat' dir='ltr'>Comes</span> 
     </span>
     <span class='ocr_line' id='line_1_30' title="bbox 399 1939 1240 1984; baseline -0.006 -10"><span class='ocrx_word' id='word_1_174' title='bbox 399 1944 472 1984; x_wconf 79' lang='lat' dir='ltr'>ipse</span> <span class='ocrx_word' id='word_1_175' title='bbox 508 1944 622 1984; x_wconf 83' lang='lat' dir='ltr'>itaque</span> <span class='ocrx_word' id='word_1_176' title='bbox 654 1944 696 1974; x_wconf 90' lang='lat' dir='ltr'>de</span> <span class='ocrx_word' id='word_1_177' title='bbox 728 1941 848 1972; x_wconf 84' lang='lat' dir='ltr'>Padua</span> <span class='ocrx_word' id='word_1_178' title='bbox 882 1941 1035 1972; x_wconf 87' lang='lat' dir='ltr'>reddens</span> <span class='ocrx_word' id='word_1_179' title='bbox 1068 1939 1240 1970; x_wconf 86' lang='lat' dir='ltr'>Venecias</span> 
     </span>
     <span class='ocr_line' id='line_1_31' title="bbox 399 1992 1239 2038; baseline -0.007 -10"><span class='ocrx_word' id='word_1_180' title='bbox 399 1997 485 2028; x_wconf 85' lang='lat' dir='ltr'>adiit</span> <span class='ocrx_word' id='word_1_181' title='bbox 509 1997 598 2038; x_wconf 76' lang='lat' dir='ltr'>ipsas</span> <span class='ocrx_word' id='word_1_182' title='bbox 621 1996 753 2026; x_wconf 81' lang='lat' dir='ltr'>visurus</span> <span class='ocrx_word' id='word_1_183' title='bbox 778 1995 976 2036; x_wconf 72' lang='lat' dir='ltr'>deindeque</span> <span class='ocrx_word' id='word_1_184' title='bbox 1001 2003 1063 2034; x_wconf 89' lang='lat' dir='ltr'>pro</span> <span class='ocrx_word' id='word_1_185' title='bbox 1079 1992 1239 2023; x_wconf 89' lang='lat' dir='ltr'>habendo</span> 
     </span>
     <span class='ocr_line' id='line_1_32' title="bbox 398 2045 1238 2090; baseline -0.006 -10"><span class='ocrx_word' id='word_1_186' title='bbox 398 2060 560 2090; x_wconf 83' lang='lat' dir='ltr'>responso</span> <span class='ocrx_word' id='word_1_187' title='bbox 584 2049 628 2080; x_wconf 92' lang='lat' dir='ltr'>ad</span> <span class='ocrx_word' id='word_1_188' title='bbox 652 2048 881 2089; x_wconf 82' lang='lat' dir='ltr'>patriarcham</span> <span class='ocrx_word' id='word_1_189' title='bbox 907 2048 1025 2078; x_wconf 86' lang='lat' dir='ltr'>iturus.</span> <span class='ocrx_word' id='word_1_190' title='bbox 1065 2045 1135 2077; x_wconf 85' lang='lat' dir='ltr'>Sed</span> <span class='ocrx_word' id='word_1_191' title='bbox 1160 2046 1238 2076; x_wconf 90' lang='lat' dir='ltr'>dum</span> 
     </span>
     <span class='ocr_line' id='line_1_33' title="bbox 401 2098 1238 2143; baseline -0.005 -11"><span class='ocrx_word' id='word_1_192' title='bbox 401 2104 464 2134; x_wconf 85' lang='lat' dir='ltr'>hec</span> <span class='ocrx_word' id='word_1_193' title='bbox 488 2104 536 2133; x_wconf 86' lang='lat' dir='ltr'>sic</span> <span class='ocrx_word' id='word_1_194' title='bbox 563 2103 694 2138; x_wconf 79' lang='lat' dir='ltr'>tierent,</span> <span class='ocrx_word' id='word_1_195' title='bbox 725 2108 837 2133; x_wconf 86' lang='lat' dir='ltr'>castra</span> <span class='ocrx_word' id='word_1_196' title='bbox 868 2100 1014 2133; x_wconf 86' lang='lat' dir='ltr'>Cossani</span> <span class='ocrx_word' id='word_1_197' title='bbox 1046 2106 1081 2131; x_wconf 91' lang='lat' dir='ltr'>et</span> <span class='ocrx_word' id='word_1_198' title='bbox 1105 2098 1238 2143; x_wconf 67' lang='lat' dir='ltr'>Copole</span> 
     </span>
     <span class='ocr_line' id='line_1_34' title="bbox 401 2152 1239 2196; baseline -0.006 -9"><span class='ocrx_word' id='word_1_199' title='bbox 401 2157 546 2188; x_wconf 74' lang='lat' dir='ltr'>d1cionis</span> <span class='ocrx_word' id='word_1_200' title='bbox 570 2156 670 2186; x_wconf 88' lang='lat' dir='ltr'>ducis</span> <span class='ocrx_word' id='word_1_201' title='bbox 686 2155 806 2196; x_wconf 88' lang='lat' dir='ltr'>ipssius</span> <span class='ocrx_word' id='word_1_202' title='bbox 823 2165 858 2185; x_wconf 86' lang='lat' dir='ltr'>se</span> <span class='ocrx_word' id='word_1_203' title='bbox 876 2154 1074 2196; x_wconf 87' lang='lat' dir='ltr'>patriarche</span> <span class='ocrx_word' id='word_1_204' title='bbox 1099 2152 1239 2189; x_wconf 85' lang='lat' dir='ltr'>dedere,</span> 
     </span>
     <span class='ocr_line' id='line_1_35' title="bbox 400 2205 1240 2251; baseline -0.006 -11"><span class='ocrx_word' id='word_1_205' title='bbox 400 2219 441 2240; x_wconf 88' lang='lat' dir='ltr'>eo</span> <span class='ocrx_word' id='word_1_206' title='bbox 465 2207 557 2251; x_wconf 85' lang='lat' dir='ltr'>quod</span> <span class='ocrx_word' id='word_1_207' title='bbox 582 2208 756 2239; x_wconf 79' lang='lat' dir='ltr'>Gerardus</span> <span class='ocrx_word' id='word_1_208' title='bbox 779 2207 821 2239; x_wconf 85' lang='lat' dir='ltr'>de</span> <span class='ocrx_word' id='word_1_209' title='bbox 840 2206 1018 2243; x_wconf 83' lang='lat' dir='ltr'>Ilerberia,</span> <span class='ocrx_word' id='word_1_210' title='bbox 1040 2205 1240 2246; x_wconf 84' lang='lat' dir='ltr'>capitaneus</span> 
     </span>
     <span class='ocr_line' id='line_1_36' title="bbox 399 2258 1239 2304; baseline -0.007 -10"><span class='ocrx_word' id='word_1_211' title='bbox 399 2263 559 2304; x_wconf 74' lang='lat' dir='ltr'>gencium</span> <span class='ocrx_word' id='word_1_212' title='bbox 598 2260 778 2301; x_wconf 69' lang='lat' dir='ltr'>magnifici</span> <span class='ocrx_word' id='word_1_213' title='bbox 814 2260 943 2291; x_wconf 90' lang='lat' dir='ltr'>domini</span> <span class='ocrx_word' id='word_1_214' title='bbox 983 2258 1159 2290; x_wconf 86' lang='lat' dir='ltr'>Francisci</span> <span class='ocrx_word' id='word_1_215' title='bbox 1196 2258 1239 2288; x_wconf 89' lang='lat' dir='ltr'>de</span> 
     </span>
     <span class='ocr_line' id='line_1_37' title="bbox 401 2311 1238 2355; baseline -0.006 -9"><span class='ocrx_word' id='word_1_216' title='bbox 401 2315 570 2351; x_wconf 83' lang='lat' dir='ltr'>Carraria,</span> <span class='ocrx_word' id='word_1_217' title='bbox 595 2325 670 2345; x_wconf 90' lang='lat' dir='ltr'>cum</span> <span class='ocrx_word' id='word_1_218' title='bbox 689 2313 846 2355; x_wconf 73' lang='lat' dir='ltr'>gentibus</span> <span class='ocrx_word' id='word_1_219' title='bbox 866 2312 1032 2353; x_wconf 87' lang='lat' dir='ltr'>predictis</span> <span class='ocrx_word' id='word_1_220' title='bbox 1048 2317 1080 2343; x_wconf 86' lang='lat' dir='ltr'>et</span> <span class='ocrx_word' id='word_1_221' title='bbox 1096 2311 1238 2353; x_wconf 81' lang='lat' dir='ltr'>patriar·</span> 
     </span>
     <span class='ocr_line' id='line_1_38' title="bbox 402 2363 1238 2408; baseline -0.005 -9"><span class='ocrx_word' id='word_1_222' title='bbox 402 2369 466 2399; x_wconf 85' lang='lat' dir='ltr'>che</span> <span class='ocrx_word' id='word_1_223' title='bbox 491 2369 534 2399; x_wconf 84' lang='lat' dir='ltr'>ad</span> <span class='ocrx_word' id='word_1_224' title='bbox 557 2368 632 2408; x_wconf 84' lang='lat' dir='ltr'>ipsa</span> <span class='ocrx_word' id='word_1_225' title='bbox 655 2378 690 2397; x_wconf 84' lang='lat' dir='ltr'>se</span> <span class='ocrx_word' id='word_1_226' title='bbox 716 2366 841 2397; x_wconf 80' lang='lat' dir='ltr'>obtulit</span> <span class='ocrx_word' id='word_1_227' title='bbox 868 2365 1111 2407; x_wconf 80' lang='lat' dir='ltr'>oppugnanda.</span> <span class='ocrx_word' id='word_1_228' title='bbox 1160 2363 1238 2400; x_wconf 83' lang='lat' dir='ltr'>Que</span> 
     </span>
     <span class='ocr_line' id='line_1_39' title="bbox 400 2417 1240 2462; baseline -0.005 -11"><span class='ocrx_word' id='word_1_229' title='bbox 400 2421 543 2462; x_wconf 87' lang='lat' dir='ltr'>prelium</span> <span class='ocrx_word' id='word_1_230' title='bbox 569 2430 635 2451; x_wconf 90' lang='lat' dir='ltr'>non</span> <span class='ocrx_word' id='word_1_231' title='bbox 659 2430 758 2460; x_wconf 87' lang='lat' dir='ltr'>passe</span> <span class='ocrx_word' id='word_1_232' title='bbox 789 2419 979 2450; x_wconf 86' lang='lat' dir='ltr'>ultroneam</span> <span class='ocrx_word' id='word_1_233' title='bbox 1012 2418 1164 2449; x_wconf 91' lang='lat' dir='ltr'>locorum</span> <span class='ocrx_word' id='word_1_234' title='bbox 1188 2417 1240 2448; x_wconf 79' lang='lat' dir='ltr'>fe-</span> 
     </span>
     <span class='ocr_line' id='line_1_40' title="bbox 403 2470 1239 2514; baseline -0.006 -9"><span class='ocrx_word' id='word_1_235' title='bbox 403 2480 524 2505; x_wconf 86' lang='lat' dir='ltr'>cerunt</span> <span class='ocrx_word' id='word_1_236' title='bbox 562 2473 790 2504; x_wconf 81' lang='lat' dir='ltr'>dedicionem.</span> <span class='ocrx_word' id='word_1_237' title='bbox 846 2472 973 2514; x_wconf 85' lang='lat' dir='ltr'>Sicque</span> <span class='ocrx_word' id='word_1_238' title='bbox 1013 2481 1127 2502; x_wconf 88' lang='lat' dir='ltr'>comes</span> <span class='ocrx_word' id='word_1_239' title='bbox 1164 2470 1239 2511; x_wconf 80' lang='lat' dir='ltr'>ipse</span> 
     </span>
     <span class='ocr_line' id='line_1_41' title="bbox 401 2523 1240 2569; baseline -0.006 -11"><span class='ocrx_word' id='word_1_240' title='bbox 401 2534 545 2569; x_wconf 77' lang='lat' dir='ltr'>treugua</span> <span class='ocrx_word' id='word_1_241' title='bbox 569 2526 651 2557; x_wconf 86' lang='lat' dir='ltr'>abiit</span> <span class='ocrx_word' id='word_1_242' title='bbox 674 2526 814 2563; x_wconf 79' lang='lat' dir='ltr'>infecta,</span> <span class='ocrx_word' id='word_1_243' title='bbox 839 2536 905 2567; x_wconf 90' lang='lat' dir='ltr'>que</span> <span class='ocrx_word' id='word_1_244' title='bbox 928 2525 954 2555; x_wconf 89' lang='lat' dir='ltr'>si</span> <span class='ocrx_word' id='word_1_245' title='bbox 983 2524 1089 2555; x_wconf 89' lang='lat' dir='ltr'>ducta</span> <span class='ocrx_word' id='word_1_246' title='bbox 1119 2523 1240 2554; x_wconf 79' lang='lat' dir='ltr'>fuisset</span> 
     </span>
     <span class='ocr_line' id='line_1_42' title="bbox 401 2575 1239 2620; baseline -0.006 -10"><span class='ocrx_word' id='word_1_247' title='bbox 401 2581 444 2610; x_wconf 91' lang='lat' dir='ltr'>ad</span> <span class='ocrx_word' id='word_1_248' title='bbox 469 2580 642 2616; x_wconf 78' lang='lat' dir='ltr'>effectum,</span> <span class='ocrx_word' id='word_1_249' title='bbox 666 2579 858 2620; x_wconf 85' lang='lat' dir='ltr'>spondebat</span> <span class='ocrx_word' id='word_1_250' title='bbox 882 2589 944 2609; x_wconf 80' lang='lat' dir='ltr'>rex</span> <span class='ocrx_word' id='word_1_251' title='bbox 959 2578 1033 2619; x_wconf 90' lang='lat' dir='ltr'>ipse</span> <span class='ocrx_word' id='word_1_252' title='bbox 1052 2575 1239 2618; x_wconf 86' lang='lat' dir='ltr'>Hungarie,</span> 
     </span>
     <span class='ocr_line' id='line_1_43' title="bbox 402 2630 1239 2673; baseline -0.006 -9"><span class='ocrx_word' id='word_1_253' title='bbox 402 2641 437 2664; x_wconf 91' lang='lat' dir='ltr'>ut</span> <span class='ocrx_word' id='word_1_254' title='bbox 461 2643 576 2664; x_wconf 87' lang='lat' dir='ltr'>comes</span> <span class='ocrx_word' id='word_1_255' title='bbox 600 2632 785 2669; x_wconf 82' lang='lat' dir='ltr'>asserebat,</span> <span class='ocrx_word' id='word_1_256' title='bbox 804 2637 946 2673; x_wconf 78' lang='lat' dir='ltr'>treugue</span> <span class='ocrx_word' id='word_1_257' title='bbox 971 2630 1076 2672; x_wconf 88' lang='lat' dir='ltr'>ipsius</span> <span class='ocrx_word' id='word_1_258' title='bbox 1094 2630 1239 2661; x_wconf 89' lang='lat' dir='ltr'>durante</span> 
     </span>
     <span class='ocr_line' id='line_1_44' title="bbox 402 2681 1240 2731; baseline -0.007 -14"><span class='ocrx_word' id='word_1_259' title='bbox 402 2693 556 2727; x_wconf 83' lang='lat' dir='ltr'>tempore</span> <span class='ocrx_word' id='word_1_260' title='bbox 587 2685 793 2731; x_wconf 60' lang='lat' dir='ltr'>§lagabriam</span> <span class='ocrx_word' id='word_1_261' title='bbox 825 2695 860 2715; x_wconf 91' lang='lat' dir='ltr'>se</span> <span class='ocrx_word' id='word_1_262' title='bbox 888 2690 1079 2720; x_wconf 83' lang='lat' dir='ltr'>venturum,</span> <span class='ocrx_word' id='word_1_263' title='bbox 1104 2691 1171 2724; x_wconf 93' lang='lat' dir='ltr'>quo</span> <span class='ocrx_word' id='word_1_264' title='bbox 1196 2681 1240 2712; x_wconf 91' lang='lat' dir='ltr'>ad</span> 
     </span>
     <span class='ocr_line' id='line_1_45' title="bbox 401 2736 1240 2780; baseline -0.005 -11"><span class='ocrx_word' id='word_1_265' title='bbox 401 2740 511 2780; x_wconf 86' lang='lat' dir='ltr'>ipsum</span> <span class='ocrx_word' id='word_1_266' title='bbox 536 2739 633 2771; x_wconf 90' lang='lat' dir='ltr'>ducis</span> <span class='ocrx_word' id='word_1_267' title='bbox 656 2745 690 2769; x_wconf 85' lang='lat' dir='ltr'>et</span> <span class='ocrx_word' id='word_1_268' title='bbox 708 2738 946 2779; x_wconf 71' lang='lat' dir='ltr'>colligatorum</span> <span class='ocrx_word' id='word_1_269' title='bbox 963 2736 1140 2778; x_wconf 89' lang='lat' dir='ltr'>perventis</span> <span class='ocrx_word' id='word_1_270' title='bbox 1156 2745 1240 2766; x_wconf 91' lang='lat' dir='ltr'>nun-</span> 
     </span>
     <span class='ocr_line' id='line_1_46' title="bbox 403 2793 976 2833; baseline -0.005 -9"><span class='ocrx_word' id='word_1_271' title='bbox 403 2793 474 2831; x_wconf 87' lang='lat' dir='ltr'>ciis,</span> <span class='ocrx_word' id='word_1_272' title='bbox 498 2793 541 2823; x_wconf 88' lang='lat' dir='ltr'>ibi</span> <span class='ocrx_word' id='word_1_273' title='bbox 567 2793 610 2824; x_wconf 82' lang='lat' dir='ltr'>de</span> <span class='ocrx_word' id='word_1_274' title='bbox 634 2802 719 2833; x_wconf 89' lang='lat' dir='ltr'>pace</span> <span class='ocrx_word' id='word_1_275' title='bbox 744 2797 976 2832; x_wconf 85' lang='lat' dir='ltr'>componeret.</span> 
     </span>
    </p>
   </div>
   <div class='ocr_carea' id='block_1_3' title="bbox 1308 874 1345 906">
    <p class='ocr_par' dir='ltr' id='par_1_3' title="bbox 1308 874 1345 906">
     <span class='ocr_line' id='line_1_47' title="bbox 1308 874 1345 906; baseline -0.027 -1"><span class='ocrx_word' id='word_1_276' title='bbox 1308 874 1345 906; x_wconf 88' lang='lat'>10</span> 
     </span>
    </p>
   </div>
   <div class='ocr_carea' id='block_1_4' title="bbox 1308 1140 1344 1171">
    <p class='ocr_par' dir='ltr' id='par_1_4' title="bbox 1308 1140 1344 1171">
     <span class='ocr_line' id='line_1_48' title="bbox 1308 1140 1344 1171; baseline 0.028 -1"><span class='ocrx_word' id='word_1_277' title='bbox 1308 1140 1344 1171; x_wconf 86' lang='lat'>15</span> 
     </span>
    </p>
   </div>
   <div class='ocr_carea' id='block_1_5' title="bbox 1305 1408 1345 1438">
    <p class='ocr_par' dir='ltr' id='par_1_5' title="bbox 1305 1408 1345 1438">
     <span class='ocr_line' id='line_1_49' title="bbox 1305 1408 1345 1438; baseline -0.025 0"><span class='ocrx_word' id='word_1_278' title='bbox 1305 1408 1345 1438; x_wconf 88' lang='lat'>20</span> 
     </span>
    </p>
   </div>
   <div class='ocr_carea' id='block_1_6' title="bbox 1305 1676 1345 1706">
    <p class='ocr_par' dir='ltr' id='par_1_6' title="bbox 1305 1676 1345 1706">
     <span class='ocr_line' id='line_1_50' title="bbox 1305 1676 1345 1706; baseline 0 0"><span class='ocrx_word' id='word_1_279' title='bbox 1305 1676 1345 1706; x_wconf 85' lang='lat'>25</span> 
     </span>
    </p>
   </div>
   <div class='ocr_carea' id='block_1_7' title="bbox 1304 1941 1344 1972">
    <p class='ocr_par' dir='ltr' id='par_1_7' title="bbox 1304 1941 1344 1972">
     <span class='ocr_line' id='line_1_51' title="bbox 1304 1941 1344 1972; baseline 0 0"><span class='ocrx_word' id='word_1_280' title='bbox 1304 1941 1344 1972; x_wconf 82' lang='lat'>30</span> 
     </span>
    </p>
   </div>
   <div class='ocr_carea' id='block_1_8' title="bbox 1304 2206 1342 2238">
    <p class='ocr_par' dir='ltr' id='par_1_8' title="bbox 1304 2206 1342 2238">
     <span class='ocr_line' id='line_1_52' title="bbox 1304 2206 1342 2238; baseline 0 0"><span class='ocrx_word' id='word_1_281' title='bbox 1304 2206 1342 2238; x_wconf 82' lang='lat'>35</span> 
     </span>
    </p>
   </div>
   <div class='ocr_carea' id='block_1_9' title="bbox 1304 2473 1344 2503">
    <p class='ocr_par' dir='ltr' id='par_1_9' title="bbox 1304 2473 1344 2503">
     <span class='ocr_line' id='line_1_53' title="bbox 1304 2473 1344 2503; baseline 0.025 -1"><span class='ocrx_word' id='word_1_282' title='bbox 1304 2473 1344 2503; x_wconf 89' lang='grc'>40</span> 
     </span>
    </p>
   </div>
   <div class='ocr_carea' id='block_1_10' title="bbox 1304 2738 1342 2767">
    <p class='ocr_par' dir='ltr' id='par_1_10' title="bbox 1304 2738 1342 2767">
     <span class='ocr_line' id='line_1_54' title="bbox 1304 2738 1342 2767; baseline 0 0"><span class='ocrx_word' id='word_1_283' title='bbox 1304 2738 1342 2767; x_wconf 80' lang='grc'>45</span> 
     </span>
    </p>
   </div>
   <div class='ocr_carea' id='block_1_11' title="bbox 1305 2991 1344 3022">
    <p class='ocr_par' dir='ltr' id='par_1_11' title="bbox 1305 2991 1344 3022">
     <span class='ocr_line' id='line_1_55' title="bbox 1305 2991 1344 3022; baseline -0.026 0"><span class='ocrx_word' id='word_1_284' title='bbox 1305 2991 1344 3022; x_wconf 86' lang='grc'>50</span> 
     </span>
    </p>
   </div>
   <div class='ocr_carea' id='block_1_12' title="bbox 1364 1601 1369 3029">
    <p class='ocr_par' dir='ltr' id='par_1_12' title="bbox 1364 1601 1369 3029">
     <span class='ocr_line' id='line_1_56' title="bbox 1364 1601 1369 3029; baseline 0 0"><span class='ocrx_word' id='word_1_285' title='bbox 1364 1601 1369 3029; x_wconf 95' lang='lat' dir='ltr'> </span> 
     </span>
    </p>
   </div>
   <div class='ocr_carea' id='block_1_13' title="bbox 1726 381 1920 414">
    <p class='ocr_par' dir='ltr' id='par_1_13' title="bbox 1726 381 1920 414">
     <span class='ocr_line' id='line_1_57' title="bbox 1726 381 1920 414; baseline -0.005 0"><span class='ocrx_word' id='word_1_286' title='bbox 1726 381 1865 414; x_wconf 67' lang='grc' dir='ltr'><strong>ΚΕΒΑΖ.</strong></span> <span class='ocrx_word' id='word_1_287' title='bbox 1889 382 1920 413; x_wconf 92' lang='lat' dir='ltr'><em>D</em></span> 
     </span>
    </p>
   </div>
   <div class='ocr_carea' id='block_1_14' title="bbox 1396 451 2276 3037">
    <p class='ocr_par' dir='ltr' id='par_1_14' title="bbox 1396 451 2276 3037">
     <span class='ocr_line' id='line_1_58' title="bbox 1402 451 2240 497; baseline 0.002 -14"><span class='ocrx_word' id='word_1_288' title='bbox 1402 451 1435 483; x_wconf 92' lang='lat' dir='ltr'>lo</span> <span class='ocrx_word' id='word_1_289' title='bbox 1459 462 1495 483; x_wconf 89' lang='lat' dir='ltr'>re</span> <span class='ocrx_word' id='word_1_290' title='bbox 1520 452 1646 484; x_wconf 77' lang='lat' dir='ltr'>mando</span> <span class='ocrx_word' id='word_1_291' title='bbox 1672 453 1702 484; x_wconf 88' lang='lat' dir='ltr'>el</span> <span class='ocrx_word' id='word_1_292' title='bbox 1720 459 1820 484; x_wconf 86' lang='lat' dir='ltr'>conte</span> <span class='ocrx_word' id='word_1_293' title='bbox 1848 452 1990 497; x_wconf 59' lang='lat' dir='ltr'>Quamne</span> <span class='ocrx_word' id='word_1_294' title='bbox 2015 453 2058 484; x_wconf 90' lang='lat' dir='ltr'>da</span> <span class='ocrx_word' id='word_1_295' title='bbox 2075 452 2189 495; x_wconf 84' lang='lat' dir='ltr'>Vegla</span> <span class='ocrx_word' id='word_1_296' title='bbox 2205 463 2240 485; x_wconf 87' lang='lat' dir='ltr'>so</span> 
     </span>
     <span class='ocr_line' id='line_1_59' title="bbox 1401 507 2237 549; baseline 0.002 -13"><span class='ocrx_word' id='word_1_297' title='bbox 1401 512 1543 546; x_wconf 87' lang='lat' dir='ltr'>parente</span> <span class='ocrx_word' id='word_1_298' title='bbox 1568 507 1611 538; x_wconf 84' lang='lat' dir='ltr'>ad</span> <span class='ocrx_word' id='word_1_299' title='bbox 1635 508 1645 538; x_wconf 91' lang='lat' dir='ltr'>i</span> <span class='ocrx_word' id='word_1_300' title='bbox 1672 508 1745 539; x_wconf 90' lang='lat' dir='ltr'>ditti</span> <span class='ocrx_word' id='word_1_301' title='bbox 1769 507 1909 549; x_wconf 80' lang='lat' dir='ltr'>signori,</span> <span class='ocrx_word' id='word_1_302' title='bbox 1928 513 1963 538; x_wconf 86' lang='lat' dir='ltr'>et</span> <span class='ocrx_word' id='word_1_303' title='bbox 1987 513 2108 548; x_wconf 91' lang='lat' dir='ltr'>questo</span> <span class='ocrx_word' id='word_1_304' title='bbox 2136 507 2171 538; x_wconf 77' lang='lat' dir='ltr'>fo</span> <span class='ocrx_word' id='word_1_305' title='bbox 2195 507 2237 539; x_wconf 93' lang='lat' dir='ltr'>de</span> 
     </span>
     <span class='ocr_line' id='line_1_60' title="bbox 1402 560 2240 602; baseline 0.002 -13"><span class='ocrx_word' id='word_1_306' title='bbox 1402 569 1528 600; x_wconf 79' lang='lat' dir='ltr'>marco,</span> <span class='ocrx_word' id='word_1_307' title='bbox 1553 561 1584 591; x_wconf 87' lang='lat' dir='ltr'>el</span> <span class='ocrx_word' id='word_1_308' title='bbox 1610 561 1688 602; x_wconf 81' lang='lat' dir='ltr'>qual</span> <span class='ocrx_word' id='word_1_309' title='bbox 1715 566 1870 592; x_wconf 83' lang='lat' dir='ltr'>trattasse</span> <span class='ocrx_word' id='word_1_310' title='bbox 1895 561 1939 592; x_wconf 90' lang='lat' dir='ltr'>de</span> <span class='ocrx_word' id='word_1_311' title='bbox 1972 566 2093 602; x_wconf 81' lang='lat' dir='ltr'>treuga</span> <span class='ocrx_word' id='word_1_312' title='bbox 2125 566 2174 591; x_wconf 87' lang='lat' dir='ltr'>tra</span> <span class='ocrx_word' id='word_1_313' title='bbox 2208 560 2240 591; x_wconf 91' lang='lat' dir='ltr'>le</span> 
     </span>
     <span class='ocr_line' id='line_1_61' title="bbox 1401 612 2240 655; baseline 0.001 -13"><span class='ocrx_word' id='word_1_314' title='bbox 1401 618 1509 652; x_wconf 82' lang='lat' dir='ltr'>parte.</span> <span class='ocrx_word' id='word_1_315' title='bbox 1545 612 1595 643; x_wconf 86' lang='lat' dir='ltr'>La</span> <span class='ocrx_word' id='word_1_316' title='bbox 1618 613 1697 654; x_wconf 89' lang='lat' dir='ltr'>qual</span> <span class='ocrx_word' id='word_1_317' title='bbox 1722 619 1842 655; x_wconf 78' lang='lat' dir='ltr'>treuga</span> <span class='ocrx_word' id='word_1_318' title='bbox 1859 613 2079 644; x_wconf 85' lang='lat' dir='ltr'>domandava</span> <span class='ocrx_word' id='word_1_319' title='bbox 2096 613 2127 643; x_wconf 92' lang='lat' dir='ltr'>el</span> <span class='ocrx_word' id='word_1_320' title='bbox 2144 612 2240 649; x_wconf 90' lang='lat' dir='ltr'>duse,</span> 
     </span>
     <span class='ocr_line' id='line_1_62' title="bbox 1400 664 2240 707; baseline 0.002 -13"><span class='ocrx_word' id='word_1_321' title='bbox 1400 664 1586 696; x_wconf 84' lang='lat' dir='ltr'>solamente</span> <span class='ocrx_word' id='word_1_322' title='bbox 1613 665 1740 707; x_wconf 72' lang='lat' dir='ltr'>acoche</span> <span class='ocrx_word' id='word_1_323' title='bbox 1766 666 1834 697; x_wconf 92' lang='lat' dir='ltr'>ello</span> <span class='ocrx_word' id='word_1_324' title='bbox 1859 675 2015 706; x_wconf 87' lang='lat' dir='ltr'>possesse</span> <span class='ocrx_word' id='word_1_325' title='bbox 2044 675 2185 696; x_wconf 85' lang='lat' dir='ltr'>secorer</span> <span class='ocrx_word' id='word_1_326' title='bbox 2207 665 2240 696; x_wconf 85' lang='lat' dir='ltr'>ai</span> 
     </span>
     <span class='ocr_line' id='line_1_63' title="bbox 1401 716 2243 760; baseline 0.004 -14"><span class='ocrx_word' id='word_1_327' title='bbox 1401 716 1504 759; x_wconf 72' lang='lat' dir='ltr'>mogi,</span> <span class='ocrx_word' id='word_1_328' title='bbox 1528 718 1539 748; x_wconf 89' lang='lat' dir='ltr'>i</span> <span class='ocrx_word' id='word_1_329' title='bbox 1563 718 1656 759; x_wconf 85' lang='lat' dir='ltr'>quali</span> <span class='ocrx_word' id='word_1_330' title='bbox 1681 718 1727 749; x_wconf 87' lang='lat' dir='ltr'>lui</span> <span class='ocrx_word' id='word_1_331' title='bbox 1752 725 1786 749; x_wconf 90' lang='lat' dir='ltr'>et</span> <span class='ocrx_word' id='word_1_332' title='bbox 1810 719 1908 760; x_wconf 88' lang='lat' dir='ltr'>quilli</span> <span class='ocrx_word' id='word_1_333' title='bbox 1933 718 1976 748; x_wconf 90' lang='lat' dir='ltr'>de</span> <span class='ocrx_word' id='word_1_334' title='bbox 2001 728 2038 749; x_wconf 87' lang='lat' dir='ltr'>so</span> <span class='ocrx_word' id='word_1_335' title='bbox 2065 724 2162 759; x_wconf 89' lang='lat' dir='ltr'>parte</span> <span class='ocrx_word' id='word_1_336' title='bbox 2194 724 2243 749; x_wconf 88' lang='lat' dir='ltr'>te-</span> 
     </span>
     <span class='ocr_line' id='line_1_64' title="bbox 1398 769 2241 813; baseline 0 -12"><span class='ocrx_word' id='word_1_337' title='bbox 1398 769 1481 812; x_wconf 85' lang='lat' dir='ltr'>gnia</span> <span class='ocrx_word' id='word_1_338' title='bbox 1506 770 1539 800; x_wconf 88' lang='lat' dir='ltr'>in</span> <span class='ocrx_word' id='word_1_339' title='bbox 1564 771 1595 801; x_wconf 90' lang='lat' dir='ltr'>la</span> <span class='ocrx_word' id='word_1_340' title='bbox 1619 771 1734 802; x_wconf 86' lang='lat' dir='ltr'>Patria</span> <span class='ocrx_word' id='word_1_341' title='bbox 1752 771 1795 802; x_wconf 91' lang='lat' dir='ltr'>de</span> <span class='ocrx_word' id='word_1_342' title='bbox 1814 771 1931 807; x_wconf 82' lang='lat' dir='ltr'>Frioli,</span> <span class='ocrx_word' id='word_1_343' title='bbox 1948 771 1956 801; x_wconf 90' lang='lat' dir='ltr'>i</span> <span class='ocrx_word' id='word_1_344' title='bbox 1975 772 2055 812; x_wconf 85' lang='lat' dir='ltr'>qual</span> <span class='ocrx_word' id='word_1_345' title='bbox 2073 771 2167 813; x_wconf 81' lang='lat' dir='ltr'>luogi</span> <span class='ocrx_word' id='word_1_346' title='bbox 2184 781 2241 802; x_wconf 88' lang='lat' dir='ltr'>era</span> 
     </span>
     <span class='ocr_line' id='line_1_65' title="bbox 1399 824 2240 866; baseline 0.004 -13"><span class='ocrx_word' id='word_1_347' title='bbox 1399 834 1462 864; x_wconf 86' lang='lat' dir='ltr'>per</span> <span class='ocrx_word' id='word_1_348' title='bbox 1485 824 1598 865; x_wconf 81' lang='lat' dir='ltr'>vignir</span> <span class='ocrx_word' id='word_1_349' title='bbox 1621 824 1732 855; x_wconf 88' lang='lat' dir='ltr'>subito</span> <span class='ocrx_word' id='word_1_350' title='bbox 1756 825 1791 855; x_wconf 88' lang='lat' dir='ltr'>in</span> <span class='ocrx_word' id='word_1_351' title='bbox 1817 824 1847 854; x_wconf 89' lang='lat' dir='ltr'>le</span> <span class='ocrx_word' id='word_1_352' title='bbox 1876 825 1974 866; x_wconf 73' lang='lat' dir='ltr'>force</span> <span class='ocrx_word' id='word_1_353' title='bbox 1999 824 2032 856; x_wconf 89' lang='lat' dir='ltr'>di</span> <span class='ocrx_word' id='word_1_354' title='bbox 2052 824 2188 865; x_wconf 71' lang='lat' dir='ltr'>colliga,</span> <span class='ocrx_word' id='word_1_355' title='bbox 2205 835 2240 856; x_wconf 87' lang='lat' dir='ltr'>se</span> 
     </span>
     <span class='ocr_line' id='line_1_66' title="bbox 1401 876 2240 918; baseline 0.002 -11"><span class='ocrx_word' id='word_1_356' title='bbox 1401 876 1420 906; x_wconf 90' lang='lat' dir='ltr'>&#39;l</span> <span class='ocrx_word' id='word_1_357' title='bbox 1445 886 1489 908; x_wconf 90' lang='lat' dir='ltr'>no</span> <span class='ocrx_word' id='word_1_358' title='bbox 1513 887 1547 907; x_wconf 91' lang='lat' dir='ltr'>se</span> <span class='ocrx_word' id='word_1_359' title='bbox 1572 878 1747 918; x_wconf 86' lang='lat' dir='ltr'>provedea</span> <span class='ocrx_word' id='word_1_360' title='bbox 1771 877 1815 908; x_wconf 85' lang='lat' dir='ltr'>de</span> <span class='ocrx_word' id='word_1_361' title='bbox 1839 877 2018 909; x_wconf 84' lang='lat' dir='ltr'>victuarie.</span> <span class='ocrx_word' id='word_1_362' title='bbox 2066 877 2125 908; x_wconf 89' lang='lat' dir='ltr'>Ma</span> <span class='ocrx_word' id='word_1_363' title='bbox 2149 877 2179 908; x_wconf 89' lang='lat' dir='ltr'>el</span> <span class='ocrx_word' id='word_1_364' title='bbox 2204 887 2240 909; x_wconf 93' lang='lat' dir='ltr'>so</span> 
     </span>
     <span class='ocr_line' id='line_1_67' title="bbox 1400 931 2240 974; baseline 0 -12"><span class='ocrx_word' id='word_1_365' title='bbox 1400 931 1554 972; x_wconf 88' lang='lat' dir='ltr'>pensiero</span> <span class='ocrx_word' id='word_1_366' title='bbox 1579 931 1730 973; x_wconf 78' lang='lat' dir='ltr'>inganno</span> <span class='ocrx_word' id='word_1_367' title='bbox 1754 932 1812 973; x_wconf 74' lang='lat' dir='ltr'>piu</span> <span class='ocrx_word' id='word_1_368' title='bbox 1837 932 1881 962; x_wconf 90' lang='lat' dir='ltr'>lui</span> <span class='ocrx_word' id='word_1_369' title='bbox 1907 932 1972 962; x_wconf 90' lang='lat' dir='ltr'>cha</span> <span class='ocrx_word' id='word_1_370' title='bbox 1995 931 2160 974; x_wconf 70' lang='lat' dir='ltr'>icongix,</span> <span class='ocrx_word' id='word_1_371' title='bbox 2177 931 2240 962; x_wconf 94' lang='lat' dir='ltr'>che</span> 
     </span>
     <span class='ocr_line' id='line_1_68' title="bbox 1399 984 2238 1029; baseline 0.001 -15"><span class='ocrx_word' id='word_1_372' title='bbox 1399 984 1419 1014; x_wconf 86' lang='lat'>⁷1</span> <span class='ocrx_word' id='word_1_373' title='bbox 1446 995 1556 1015; x_wconf 85' lang='lat' dir='ltr'>venne</span> <span class='ocrx_word' id='word_1_374' title='bbox 1580 985 1612 1015; x_wconf 82' lang='lat' dir='ltr'>el</span> <span class='ocrx_word' id='word_1_375' title='bbox 1637 990 1738 1015; x_wconf 90' lang='lat' dir='ltr'>conte</span> <span class='ocrx_word' id='word_1_376' title='bbox 1763 985 1905 1029; x_wconf 61' lang='lat' dir='ltr'>§Euanne</span> <span class='ocrx_word' id='word_1_377' title='bbox 1932 990 1965 1015; x_wconf 85' lang='lat' dir='ltr'>et</span> <span class='ocrx_word' id='word_1_378' title='bbox 1997 985 2033 1016; x_wconf 75' lang='lat' dir='ltr'>fo</span> <span class='ocrx_word' id='word_1_379' title='bbox 2066 985 2175 1026; x_wconf 91' lang='lat' dir='ltr'>prima</span> <span class='ocrx_word' id='word_1_380' title='bbox 2207 985 2238 1016; x_wconf 91' lang='lat' dir='ltr'>al</span> 
     </span>
     <span class='ocr_line' id='line_1_69' title="bbox 1398 1034 2240 1076; baseline 0.001 -11"><span class='ocrx_word' id='word_1_381' title='bbox 1398 1035 1605 1075; x_wconf 82' lang='lat' dir='ltr'>patriarcha.</span> <span class='ocrx_word' id='word_1_382' title='bbox 1644 1034 1686 1066; x_wconf 82' lang='lat' dir='ltr'>Al</span> <span class='ocrx_word' id='word_1_383' title='bbox 1711 1036 1792 1076; x_wconf 85' lang='lat' dir='ltr'>qual</span> <span class='ocrx_word' id='word_1_384' title='bbox 1816 1041 1959 1076; x_wconf 82' lang='lat' dir='ltr'>exposta</span> <span class='ocrx_word' id='word_1_385' title='bbox 1983 1035 2016 1066; x_wconf 87' lang='lat' dir='ltr'>la</span> <span class='ocrx_word' id='word_1_386' title='bbox 2040 1045 2098 1066; x_wconf 88' lang='lat' dir='ltr'>soa</span> <span class='ocrx_word' id='word_1_387' title='bbox 2124 1035 2240 1066; x_wconf 90' lang='lat' dir='ltr'>amba-</span> 
     </span>
     <span class='ocr_line' id='line_1_70' title="bbox 1399 1088 2241 1130; baseline 0.001 -12"><span class='ocrx_word' id='word_1_388' title='bbox 1399 1088 1487 1120; x_wconf 85' lang='lat' dir='ltr'>xada</span> <span class='ocrx_word' id='word_1_389' title='bbox 1513 1099 1573 1129; x_wconf 87' lang='lat' dir='ltr'>per</span> <span class='ocrx_word' id='word_1_390' title='bbox 1603 1089 1634 1120; x_wconf 93' lang='lat' dir='ltr'>lo</span> <span class='ocrx_word' id='word_1_391' title='bbox 1660 1089 1752 1120; x_wconf 90' lang='lat' dir='ltr'>dicto</span> <span class='ocrx_word' id='word_1_392' title='bbox 1777 1089 1985 1130; x_wconf 86' lang='lat' dir='ltr'>patriarcha,</span> <span class='ocrx_word' id='word_1_393' title='bbox 2010 1089 2040 1119; x_wconf 89' lang='lat' dir='ltr'>ie</span> <span class='ocrx_word' id='word_1_394' title='bbox 2066 1089 2101 1119; x_wconf 76' lang='lat' dir='ltr'>fo</span> <span class='ocrx_word' id='word_1_395' title='bbox 2124 1097 2241 1130; x_wconf 86' lang='lat' dir='ltr'>respo-</span> 
     </span>
     <span class='ocr_line' id='line_1_71' title="bbox 1400 1140 2240 1183; baseline 0.001 -12"><span class='ocrx_word' id='word_1_396' title='bbox 1400 1146 1464 1177; x_wconf 91' lang='lat' dir='ltr'>sto,</span> <span class='ocrx_word' id='word_1_397' title='bbox 1489 1140 1533 1172; x_wconf 88' lang='lat' dir='ltr'>lui</span> <span class='ocrx_word' id='word_1_398' title='bbox 1567 1151 1609 1172; x_wconf 89' lang='lat' dir='ltr'>no</span> <span class='ocrx_word' id='word_1_399' title='bbox 1638 1151 1758 1182; x_wconf 79' lang='lat' dir='ltr'>posset</span> <span class='ocrx_word' id='word_1_400' title='bbox 1788 1151 1889 1173; x_wconf 86' lang='lat' dir='ltr'>sovra</span> <span class='ocrx_word' id='word_1_401' title='bbox 1921 1147 2041 1183; x_wconf 89' lang='lat' dir='ltr'>questo</span> <span class='ocrx_word' id='word_1_402' title='bbox 2073 1141 2128 1172; x_wconf 78' lang='lat' dir='ltr'>far</span> <span class='ocrx_word' id='word_1_403' title='bbox 2159 1151 2240 1172; x_wconf 86' lang='lat' dir='ltr'>cosa</span> 
     </span>
     <span class='ocr_line' id='line_1_72' title="bbox 1400 1193 2240 1237; baseline 0 -13"><span class='ocrx_word' id='word_1_404' title='bbox 1400 1194 1526 1236; x_wconf 77' lang='lat' dir='ltr'>alguna</span> <span class='ocrx_word' id='word_1_405' title='bbox 1549 1205 1652 1236; x_wconf 80' lang='lat' dir='ltr'>senca</span> <span class='ocrx_word' id='word_1_406' title='bbox 1675 1195 1871 1226; x_wconf 85' lang='lat' dir='ltr'>cosciencia</span> <span class='ocrx_word' id='word_1_407' title='bbox 1899 1195 1955 1225; x_wconf 91' lang='lat' dir='ltr'>del</span> <span class='ocrx_word' id='word_1_408' title='bbox 1984 1193 2173 1237; x_wconf 79' lang='lat' dir='ltr'>magnifico</span> <span class='ocrx_word' id='word_1_409' title='bbox 2197 1195 2240 1224; x_wconf 88' lang='lat' dir='ltr'>si-</span> 
     </span>
     <span class='ocr_line' id='line_1_73' title="bbox 1400 1246 2238 1288; baseline 0.004 -12"><span class='ocrx_word' id='word_1_410' title='bbox 1400 1256 1486 1288; x_wconf 79' lang='lat' dir='ltr'>guor</span> <span class='ocrx_word' id='word_1_411' title='bbox 1510 1247 1634 1277; x_wconf 84' lang='lat' dir='ltr'>mesier</span> <span class='ocrx_word' id='word_1_412' title='bbox 1656 1246 1854 1278; x_wconf 86' lang='lat' dir='ltr'>Francesco</span> <span class='ocrx_word' id='word_1_413' title='bbox 1878 1246 1924 1278; x_wconf 90' lang='lat' dir='ltr'>da</span> <span class='ocrx_word' id='word_1_414' title='bbox 1948 1247 2104 1283; x_wconf 69' lang='lat' dir='ltr'>Car-rara,</span> <span class='ocrx_word' id='word_1_415' title='bbox 2123 1256 2187 1278; x_wconf 86' lang='lat' dir='ltr'>con</span> <span class='ocrx_word' id='word_1_416' title='bbox 2207 1247 2238 1279; x_wconf 89' lang='lat' dir='ltr'>lo</span> 
     </span>
     <span class='ocr_line' id='line_1_74' title="bbox 1401 1299 2240 1341; baseline 0.001 -12"><span class='ocrx_word' id='word_1_417' title='bbox 1401 1299 1477 1341; x_wconf 87' lang='lat' dir='ltr'>qual</span> <span class='ocrx_word' id='word_1_418' title='bbox 1509 1299 1576 1330; x_wconf 86' lang='lat' dir='ltr'>ello</span> <span class='ocrx_word' id='word_1_419' title='bbox 1607 1309 1664 1330; x_wconf 85' lang='lat' dir='ltr'>era</span> <span class='ocrx_word' id='word_1_420' title='bbox 1695 1300 1810 1331; x_wconf 89' lang='lat' dir='ltr'>unido.</span> <span class='ocrx_word' id='word_1_421' title='bbox 1859 1299 1907 1330; x_wconf 82' lang='lat' dir='ltr'>La</span> <span class='ocrx_word' id='word_1_422' title='bbox 1938 1300 2047 1330; x_wconf 88' lang='lat' dir='ltr'>simile</span> <span class='ocrx_word' id='word_1_423' title='bbox 2082 1305 2240 1340; x_wconf 80' lang='lat' dir='ltr'>resposta</span> 
     </span>
     <span class='ocr_line' id='line_1_75' title="bbox 1400 1352 2240 1394; baseline 0 -12"><span class='ocrx_word' id='word_1_424' title='bbox 1400 1352 1486 1383; x_wconf 83' lang='lat' dir='ltr'>have</span> <span class='ocrx_word' id='word_1_425' title='bbox 1504 1353 1535 1383; x_wconf 89' lang='lat' dir='ltr'>el</span> <span class='ocrx_word' id='word_1_426' title='bbox 1553 1353 1646 1384; x_wconf 89' lang='lat' dir='ltr'>dicto</span> <span class='ocrx_word' id='word_1_427' title='bbox 1671 1359 1773 1384; x_wconf 87' lang='lat' dir='ltr'>conte</span> <span class='ocrx_word' id='word_1_428' title='bbox 1791 1353 1847 1383; x_wconf 89' lang='lat' dir='ltr'>dal</span> <span class='ocrx_word' id='word_1_429' title='bbox 1864 1352 1981 1394; x_wconf 83' lang='lat' dir='ltr'>signor</span> <span class='ocrx_word' id='word_1_430' title='bbox 1998 1352 2122 1383; x_wconf 82' lang='lat' dir='ltr'>mesier</span> <span class='ocrx_word' id='word_1_431' title='bbox 2134 1352 2240 1383; x_wconf 87' lang='lat' dir='ltr'>Fran-</span> 
     </span>
     <span class='ocr_line' id='line_1_76' title="bbox 1400 1405 2238 1442; baseline -0.002 -5"><span class='ocrx_word' id='word_1_432' title='bbox 1400 1415 1515 1442; x_wconf 84' lang='lat' dir='ltr'>ceSCO,</span> <span class='ocrx_word' id='word_1_433' title='bbox 1540 1417 1593 1436; x_wconf 84' lang='lat' dir='ltr'>ma</span> <span class='ocrx_word' id='word_1_434' title='bbox 1617 1407 1681 1436; x_wconf 90' lang='lat' dir='ltr'>che</span> <span class='ocrx_word' id='word_1_435' title='bbox 1705 1406 1774 1437; x_wconf 88' lang='lat' dir='ltr'>ello</span> <span class='ocrx_word' id='word_1_436' title='bbox 1805 1412 1959 1436; x_wconf 81' lang='lat' dir='ltr'>tornasse</span> <span class='ocrx_word' id='word_1_437' title='bbox 1985 1405 2029 1436; x_wconf 90' lang='lat' dir='ltr'>da</span> <span class='ocrx_word' id='word_1_438' title='bbox 2053 1405 2175 1436; x_wconf 81' lang='lat' dir='ltr'>mesier</span> <span class='ocrx_word' id='word_1_439' title='bbox 2206 1405 2238 1436; x_wconf 90' lang='lat' dir='ltr'>lo</span> 
     </span>
     <span class='ocr_line' id='line_1_77' title="bbox 1401 1458 2239 1500; baseline -0.001 -11"><span class='ocrx_word' id='word_1_440' title='bbox 1401 1459 1608 1499; x_wconf 86' lang='lat' dir='ltr'>patriarcha,</span> <span class='ocrx_word' id='word_1_441' title='bbox 1633 1459 1696 1490; x_wconf 90' lang='lat' dir='ltr'>che</span> <span class='ocrx_word' id='word_1_442' title='bbox 1721 1459 1789 1490; x_wconf 87' lang='lat' dir='ltr'>ello</span> <span class='ocrx_word' id='word_1_443' title='bbox 1817 1469 1859 1500; x_wconf 81' lang='lat' dir='ltr'>ge</span> <span class='ocrx_word' id='word_1_444' title='bbox 1892 1459 2102 1490; x_wconf 84' lang='lat' dir='ltr'>mandarave</span> <span class='ocrx_word' id='word_1_445' title='bbox 2132 1458 2239 1489; x_wconf 87' lang='lat' dir='ltr'>etian-</span> 
     </span>
     <span class='ocr_line' id='line_1_78' title="bbox 1401 1510 2239 1547; baseline -0.001 -4"><span class='ocrx_word' id='word_1_446' title='bbox 1401 1513 1457 1543; x_wconf 91' lang='lat' dir='ltr'>dio</span> <span class='ocrx_word' id='word_1_447' title='bbox 1481 1522 1517 1543; x_wconf 86' lang='lat' dir='ltr'>so</span> <span class='ocrx_word' id='word_1_448' title='bbox 1541 1513 1641 1543; x_wconf 85' lang='lat' dir='ltr'>messi</span> <span class='ocrx_word' id='word_1_449' title='bbox 1666 1511 1848 1543; x_wconf 70' lang='lat' dir='ltr'>infor-madi</span> <span class='ocrx_word' id='word_1_450' title='bbox 1869 1512 1904 1542; x_wconf 87' lang='lat' dir='ltr'>di</span> <span class='ocrx_word' id='word_1_451' title='bbox 1923 1521 1983 1542; x_wconf 92' lang='lat' dir='ltr'>soa</span> <span class='ocrx_word' id='word_1_452' title='bbox 1999 1510 2188 1547; x_wconf 86' lang='lat' dir='ltr'>intencion,</span> <span class='ocrx_word' id='word_1_453' title='bbox 2206 1515 2239 1542; x_wconf 89' lang='lat' dir='ltr'>et</span> 
     </span>
     <span class='ocr_line' id='line_1_79' title="bbox 1403 1565 2237 1606; baseline -0.001 -10"><span class='ocrx_word' id='word_1_454' title='bbox 1403 1565 1467 1596; x_wconf 89' lang='lat' dir='ltr'>che</span> <span class='ocrx_word' id='word_1_455' title='bbox 1503 1574 1566 1606; x_wconf 90' lang='lat' dir='ltr'>per</span> <span class='ocrx_word' id='word_1_456' title='bbox 1597 1565 1696 1606; x_wconf 88' lang='lat' dir='ltr'>quilli</span> <span class='ocrx_word' id='word_1_457' title='bbox 1727 1565 1757 1595; x_wconf 91' lang='lat' dir='ltr'>ie</span> <span class='ocrx_word' id='word_1_458' title='bbox 1790 1575 1908 1595; x_wconf 89' lang='lat' dir='ltr'>serave</span> <span class='ocrx_word' id='word_1_459' title='bbox 1940 1565 2049 1596; x_wconf 90' lang='lat' dir='ltr'>allora</span> <span class='ocrx_word' id='word_1_460' title='bbox 2080 1568 2237 1605; x_wconf 83' lang='lat' dir='ltr'>resposto</span> 
     </span>
     <span class='ocr_line' id='line_1_80' title="bbox 1401 1616 2237 1658; baseline -0.001 -9"><span class='ocrx_word' id='word_1_461' title='bbox 1401 1618 1465 1649; x_wconf 87' lang='lat' dir='ltr'>che</span> <span class='ocrx_word' id='word_1_462' title='bbox 1491 1618 1582 1649; x_wconf 83' lang='lat' dir='ltr'>fosse</span> <span class='ocrx_word' id='word_1_463' title='bbox 1607 1617 1650 1649; x_wconf 85' lang='lat' dir='ltr'>da</span> <span class='ocrx_word' id='word_1_464' title='bbox 1675 1618 1728 1648; x_wconf 78' lang='lat' dir='ltr'>far</span> <span class='ocrx_word' id='word_1_465' title='bbox 1751 1628 1813 1658; x_wconf 84' lang='lat' dir='ltr'>per</span> <span class='ocrx_word' id='word_1_466' title='bbox 1830 1617 1912 1648; x_wconf 88' lang='lat' dir='ltr'>utile</span> <span class='ocrx_word' id='word_1_467' title='bbox 1929 1616 1972 1648; x_wconf 92' lang='lat' dir='ltr'>de</span> <span class='ocrx_word' id='word_1_468' title='bbox 1991 1622 2112 1658; x_wconf 86' lang='lat' dir='ltr'>questo</span> <span class='ocrx_word' id='word_1_469' title='bbox 2130 1617 2237 1655; x_wconf 79' lang='lat' dir='ltr'>facto,</span> 
     </span>
     <span class='ocr_line' id='line_1_81' title="bbox 1400 1663 2276 1713; baseline 0 -12"><span class='ocrx_word' id='word_1_470' title='bbox 1400 1670 1535 1702; x_wconf 76' lang='lat' dir='ltr'>benche</span> <span class='ocrx_word' id='word_1_471' title='bbox 1551 1671 1573 1701; x_wconf 89' lang='lat' dir='ltr'>’l</span> <span class='ocrx_word' id='word_1_472' title='bbox 1590 1670 1683 1702; x_wconf 89' lang='lat' dir='ltr'>dicto</span> <span class='ocrx_word' id='word_1_473' title='bbox 1705 1671 1823 1713; x_wconf 84' lang='lat' dir='ltr'>signor</span> <span class='ocrx_word' id='word_1_474' title='bbox 1848 1671 1974 1701; x_wconf 89' lang='lat' dir='ltr'>mesier</span> <span class='ocrx_word' id='word_1_475' title='bbox 1999 1671 2195 1702; x_wconf 86' lang='lat' dir='ltr'>Francesco</span> <span class='ocrx_word' id='word_1_476' title='bbox 2219 1679 2237 1701; x_wconf 88' lang='lat' dir='ltr'>e</span> <span class='ocrx_word' id='word_1_477' title='bbox 2268 1663 2276 1670; x_wconf 59' lang='grc'><strong>’</strong></span> 
     </span>
     <span class='ocr_line' id='line_1_82' title="bbox 1401 1723 2236 1765; baseline 0 -11"><span class='ocrx_word' id='word_1_478' title='bbox 1401 1724 1421 1754; x_wconf 96' lang='lat' dir='ltr'>&#39;l</span> <span class='ocrx_word' id='word_1_479' title='bbox 1446 1724 1642 1765; x_wconf 88' lang='lat' dir='ltr'>patriarcha</span> <span class='ocrx_word' id='word_1_480' title='bbox 1666 1733 1702 1754; x_wconf 89' lang='lat' dir='ltr'>se</span> <span class='ocrx_word' id='word_1_481' title='bbox 1727 1723 1835 1754; x_wconf 88' lang='lat' dir='ltr'>havea</span> <span class='ocrx_word' id='word_1_482' title='bbox 1860 1723 2012 1764; x_wconf 88' lang='lat' dir='ltr'>desposti</span> <span class='ocrx_word' id='word_1_483' title='bbox 2037 1723 2081 1754; x_wconf 86' lang='lat' dir='ltr'>de</span> <span class='ocrx_word' id='word_1_484' title='bbox 2112 1732 2236 1754; x_wconf 88' lang='lat' dir='ltr'>comun</span> 
     </span>
     <span class='ocr_line' id='line_1_83' title="bbox 1401 1775 2238 1819; baseline -0.001 -11"><span class='ocrx_word' id='word_1_485' title='bbox 1401 1778 1540 1814; x_wconf 88' lang='lat' dir='ltr'>acordo,</span> <span class='ocrx_word' id='word_1_486' title='bbox 1554 1777 1617 1808; x_wconf 87' lang='lat' dir='ltr'>che</span> <span class='ocrx_word' id='word_1_487' title='bbox 1631 1777 1663 1807; x_wconf 89' lang='lat' dir='ltr'>la</span> <span class='ocrx_word' id='word_1_488' title='bbox 1676 1783 1794 1819; x_wconf 83' lang='lat' dir='ltr'>treuga</span> <span class='ocrx_word' id='word_1_489' title='bbox 1807 1786 1850 1807; x_wconf 91' lang='lat' dir='ltr'>no</span> <span class='ocrx_word' id='word_1_490' title='bbox 1867 1777 2012 1807; x_wconf 86' lang='lat' dir='ltr'>havesse</span> <span class='ocrx_word' id='word_1_491' title='bbox 2029 1776 2168 1807; x_wconf 79' lang='lat' dir='ltr'>effecto.</span> <span class='ocrx_word' id='word_1_492' title='bbox 2195 1775 2238 1806; x_wconf 86' lang='lat' dir='ltr'>Et</span> 
     </span>
     <span class='ocr_line' id='line_1_84' title="bbox 1400 1829 2236 1871; baseline -0.001 -10"><span class='ocrx_word' id='word_1_493' title='bbox 1400 1836 1521 1871; x_wconf 83' lang='lat' dir='ltr'>questo</span> <span class='ocrx_word' id='word_1_494' title='bbox 1545 1830 1654 1866; x_wconf 87' lang='lat' dir='ltr'>volea,</span> <span class='ocrx_word' id='word_1_495' title='bbox 1679 1831 1707 1860; x_wconf 81' lang='lat' dir='ltr'>si</span> <span class='ocrx_word' id='word_1_496' title='bbox 1731 1830 1858 1860; x_wconf 88' lang='lat' dir='ltr'>notada</span> <span class='ocrx_word' id='word_1_497' title='bbox 1885 1829 2040 1860; x_wconf 85' lang='lat' dir='ltr'>l’astucia</span> <span class='ocrx_word' id='word_1_498' title='bbox 2066 1829 2121 1860; x_wconf 87' lang='lat' dir='ltr'>del</span> <span class='ocrx_word' id='word_1_499' title='bbox 2152 1829 2236 1860; x_wconf 84' lang='lat' dir='ltr'>duse</span> 
     </span>
     <span class='ocr_line' id='line_1_85' title="bbox 1400 1882 2236 1923; baseline -0.002 -9"><span class='ocrx_word' id='word_1_500' title='bbox 1400 1883 1568 1920; x_wconf 68' lang='lat' dir='ltr'>Rudoffo,</span> <span class='ocrx_word' id='word_1_501' title='bbox 1591 1883 1619 1914; x_wconf 85' lang='lat' dir='ltr'>si</span> <span class='ocrx_word' id='word_1_502' title='bbox 1643 1883 1675 1913; x_wconf 85' lang='lat' dir='ltr'>la</span> <span class='ocrx_word' id='word_1_503' title='bbox 1698 1883 1787 1913; x_wconf 90' lang='lat' dir='ltr'>mala</span> <span class='ocrx_word' id='word_1_504' title='bbox 1811 1882 1992 1913; x_wconf 84' lang='lat' dir='ltr'>condicion</span> <span class='ocrx_word' id='word_1_505' title='bbox 2017 1882 2051 1913; x_wconf 89' lang='lat' dir='ltr'>di</span> <span class='ocrx_word' id='word_1_506' title='bbox 2075 1893 2112 1913; x_wconf 86' lang='lat' dir='ltr'>so</span> <span class='ocrx_word' id='word_1_507' title='bbox 2144 1882 2236 1923; x_wconf 86' lang='lat' dir='ltr'>luogi</span> 
     </span>
     <span class='ocr_line' id='line_1_86' title="bbox 1400 1935 2237 1978; baseline -0.001 -12"><span class='ocrx_word' id='word_1_508' title='bbox 1400 1937 1435 1967; x_wconf 90' lang='lat' dir='ltr'>in</span> <span class='ocrx_word' id='word_1_509' title='bbox 1452 1936 1568 1973; x_wconf 83' lang='lat' dir='ltr'>Frioli,</span> <span class='ocrx_word' id='word_1_510' title='bbox 1586 1936 1595 1966; x_wconf 92' lang='lat' dir='ltr'>i</span> <span class='ocrx_word' id='word_1_511' title='bbox 1611 1936 1703 1978; x_wconf 91' lang='lat' dir='ltr'>quali</span> <span class='ocrx_word' id='word_1_512' title='bbox 1721 1936 1798 1967; x_wconf 86' lang='lat' dir='ltr'>tutti</span> <span class='ocrx_word' id='word_1_513' title='bbox 1816 1945 1874 1966; x_wconf 84' lang='lat' dir='ltr'>era</span> <span class='ocrx_word' id='word_1_514' title='bbox 1891 1935 1992 1966; x_wconf 88' lang='lat' dir='ltr'>vacui</span> <span class='ocrx_word' id='word_1_515' title='bbox 2010 1935 2053 1966; x_wconf 91' lang='lat' dir='ltr'>de</span> <span class='ocrx_word' id='word_1_516' title='bbox 2070 1935 2237 1965; x_wconf 87' lang='lat' dir='ltr'>victuarie</span> 
     </span>
     <span class='ocr_line' id='line_1_87' title="bbox 1399 1987 2237 2022; baseline -0.005 0"><span class='ocrx_word' id='word_1_517' title='bbox 1399 1997 1433 2022; x_wconf 87' lang='lat' dir='ltr'>et</span> <span class='ocrx_word' id='word_1_518' title='bbox 1457 1990 1533 2022; x_wconf 87' lang='lat' dir='ltr'>dele</span> <span class='ocrx_word' id='word_1_519' title='bbox 1558 1990 1643 2021; x_wconf 88' lang='lat' dir='ltr'>altre</span> <span class='ocrx_word' id='word_1_520' title='bbox 1668 2000 1747 2021; x_wconf 87' lang='lat' dir='ltr'>cose</span> <span class='ocrx_word' id='word_1_521' title='bbox 1773 1989 1977 2020; x_wconf 86' lang='lat' dir='ltr'>necessarie.</span> <span class='ocrx_word' id='word_1_522' title='bbox 2014 1987 2072 2018; x_wconf 86' lang='lat' dir='ltr'>Ma</span> <span class='ocrx_word' id='word_1_523' title='bbox 2089 1988 2110 2018; x_wconf 86' lang='lat' dir='ltr'>’l</span> <span class='ocrx_word' id='word_1_524' title='bbox 2135 1994 2237 2019; x_wconf 88' lang='lat' dir='ltr'>conte</span> 
     </span>
     <span class='ocr_line' id='line_1_88' title="bbox 1399 2040 2238 2087; baseline -0.005 -13"><span class='ocrx_word' id='word_1_525' title='bbox 1399 2042 1552 2087; x_wconf 60' lang='lat' dir='ltr'>Cuanne,</span> <span class='ocrx_word' id='word_1_526' title='bbox 1565 2042 1699 2083; x_wconf 88' lang='lat' dir='ltr'>partido</span> <span class='ocrx_word' id='word_1_527' title='bbox 1714 2042 1771 2073; x_wconf 86' lang='lat' dir='ltr'>dal</span> <span class='ocrx_word' id='word_1_528' title='bbox 1784 2042 1968 2084; x_wconf 80' lang='lat' dir='ltr'>magnifico</span> <span class='ocrx_word' id='word_1_529' title='bbox 1981 2042 2099 2082; x_wconf 86' lang='lat' dir='ltr'>signor</span> <span class='ocrx_word' id='word_1_530' title='bbox 2115 2040 2238 2072; x_wconf 81' lang='lat' dir='ltr'>mesier</span> 
     </span>
     <span class='ocr_line' id='line_1_89' title="bbox 1399 2093 2237 2135; baseline -0.005 -8"><span class='ocrx_word' id='word_1_531' title='bbox 1399 2096 1605 2134; x_wconf 87' lang='lat' dir='ltr'>Francesco,</span> <span class='ocrx_word' id='word_1_532' title='bbox 1617 2095 1706 2126; x_wconf 78' lang='lat' dir='ltr'>ando</span> <span class='ocrx_word' id='word_1_533' title='bbox 1723 2106 1743 2126; x_wconf 90' lang='lat' dir='ltr'>a</span> <span class='ocrx_word' id='word_1_534' title='bbox 1759 2094 1909 2126; x_wconf 86' lang='lat' dir='ltr'>Venesia</span> <span class='ocrx_word' id='word_1_535' title='bbox 1927 2105 1987 2135; x_wconf 89' lang='lat' dir='ltr'>per</span> <span class='ocrx_word' id='word_1_536' title='bbox 2003 2095 2110 2125; x_wconf 91' lang='lat' dir='ltr'>veder</span> <span class='ocrx_word' id='word_1_537' title='bbox 2122 2093 2237 2135; x_wconf 88' lang='lat' dir='ltr'>quella</span> 
     </span>
     <span class='ocr_line' id='line_1_90' title="bbox 1397 2147 2237 2190; baseline -0.004 -10"><span class='ocrx_word' id='word_1_538' title='bbox 1397 2155 1498 2185; x_wconf 90' lang='lat' dir='ltr'>terra,</span> <span class='ocrx_word' id='word_1_539' title='bbox 1523 2149 1675 2190; x_wconf 79' lang='lat' dir='ltr'>digando</span> <span class='ocrx_word' id='word_1_540' title='bbox 1696 2149 1760 2179; x_wconf 84' lang='lat' dir='ltr'>che</span> <span class='ocrx_word' id='word_1_541' title='bbox 1785 2148 1807 2178; x_wconf 90' lang='lat' dir='ltr'>&#39;l</span> <span class='ocrx_word' id='word_1_542' title='bbox 1832 2154 2016 2178; x_wconf 79' lang='lat' dir='ltr'>tornerava</span> <span class='ocrx_word' id='word_1_543' title='bbox 2040 2147 2095 2188; x_wconf 91' lang='lat' dir='ltr'>poi</span> <span class='ocrx_word' id='word_1_544' title='bbox 2122 2147 2154 2178; x_wconf 92' lang='lat' dir='ltr'>al</span> <span class='ocrx_word' id='word_1_545' title='bbox 2179 2156 2237 2187; x_wconf 90' lang='lat' dir='ltr'>pa-</span> 
     </span>
     <span class='ocr_line' id='line_1_91' title="bbox 1396 2201 2237 2242; baseline -0.002 -9"><span class='ocrx_word' id='word_1_546' title='bbox 1396 2202 1547 2234; x_wconf 85' lang='lat' dir='ltr'>triarcha</span> <span class='ocrx_word' id='word_1_547' title='bbox 1570 2213 1589 2232; x_wconf 85' lang='lat' dir='ltr'>a</span> <span class='ocrx_word' id='word_1_548' title='bbox 1614 2208 1709 2233; x_wconf 88' lang='lat' dir='ltr'>tuore</span> <span class='ocrx_word' id='word_1_549' title='bbox 1733 2206 1899 2242; x_wconf 80' lang='lat' dir='ltr'>resposta.</span> <span class='ocrx_word' id='word_1_550' title='bbox 1931 2201 1969 2231; x_wconf 90' lang='lat' dir='ltr'>In</span> <span class='ocrx_word' id='word_1_551' title='bbox 1994 2205 2114 2242; x_wconf 88' lang='lat' dir='ltr'>questo</span> <span class='ocrx_word' id='word_1_552' title='bbox 2138 2209 2237 2241; x_wconf 70' lang='lat' dir='ltr'>meco</span> 
     </span>
     <span class='ocr_line' id='line_1_92' title="bbox 1398 2253 2236 2296; baseline -0.006 -9"><span class='ocrx_word' id='word_1_553' title='bbox 1398 2256 1462 2288; x_wconf 89' lang='lat' dir='ltr'>che</span> <span class='ocrx_word' id='word_1_554' title='bbox 1487 2254 1596 2296; x_wconf 88' lang='lat' dir='ltr'>questi</span> <span class='ocrx_word' id='word_1_555' title='bbox 1623 2265 1659 2286; x_wconf 81' lang='lat' dir='ltr'>se</span> <span class='ocrx_word' id='word_1_556' title='bbox 1692 2254 1738 2290; x_wconf 84' lang='lat' dir='ltr'>fa,</span> <span class='ocrx_word' id='word_1_557' title='bbox 1762 2253 1772 2284; x_wconf 89' lang='lat' dir='ltr'>i</span> <span class='ocrx_word' id='word_1_558' title='bbox 1796 2253 1928 2285; x_wconf 73' lang='lat' dir='ltr'>castelli</span> <span class='ocrx_word' id='word_1_559' title='bbox 1963 2254 2006 2284; x_wconf 88' lang='lat' dir='ltr'>de</span> <span class='ocrx_word' id='word_1_560' title='bbox 2037 2253 2170 2284; x_wconf 76' lang='lat' dir='ltr'>Consan</span> <span class='ocrx_word' id='word_1_561' title='bbox 2203 2257 2236 2283; x_wconf 89' lang='lat' dir='ltr'>et</span> 
     </span>
     <span class='ocr_line' id='line_1_93' title="bbox 1399 2304 2236 2352; baseline -0.005 -13"><span class='ocrx_word' id='word_1_562' title='bbox 1399 2308 1441 2339; x_wconf 91' lang='lat' dir='ltr'>de</span> <span class='ocrx_word' id='word_1_563' title='bbox 1465 2306 1596 2352; x_wconf 61' lang='lat' dir='ltr'>Copola</span> <span class='ocrx_word' id='word_1_564' title='bbox 1621 2306 1711 2338; x_wconf 87' lang='lat' dir='ltr'>della</span> <span class='ocrx_word' id='word_1_565' title='bbox 1734 2306 1888 2347; x_wconf 87' lang='lat' dir='ltr'>signoria</span> <span class='ocrx_word' id='word_1_566' title='bbox 1911 2306 1964 2336; x_wconf 92' lang='lat' dir='ltr'>del</span> <span class='ocrx_word' id='word_1_567' title='bbox 1989 2304 2082 2336; x_wconf 86' lang='lat' dir='ltr'>dicto</span> <span class='ocrx_word' id='word_1_568' title='bbox 2101 2305 2184 2336; x_wconf 92' lang='lat' dir='ltr'>duse</span> <span class='ocrx_word' id='word_1_569' title='bbox 2200 2314 2236 2335; x_wconf 88' lang='lat' dir='ltr'>se</span> 
     </span>
     <span class='ocr_line' id='line_1_94' title="bbox 1398 2357 2234 2401; baseline -0.006 -9"><span class='ocrx_word' id='word_1_570' title='bbox 1398 2360 1451 2392; x_wconf 91' lang='lat' dir='ltr'>de’</span> <span class='ocrx_word' id='word_1_571' title='bbox 1467 2360 1495 2391; x_wconf 88' lang='lat' dir='ltr'>al</span> <span class='ocrx_word' id='word_1_572' title='bbox 1522 2359 1728 2401; x_wconf 84' lang='lat' dir='ltr'>patriarcha,</span> <span class='ocrx_word' id='word_1_573' title='bbox 1752 2358 1880 2400; x_wconf 71' lang='lat' dir='ltr'>perche</span> <span class='ocrx_word' id='word_1_574' title='bbox 1907 2358 2079 2390; x_wconf 89' lang='lat' dir='ltr'>Ghirardo</span> <span class='ocrx_word' id='word_1_575' title='bbox 2104 2357 2148 2388; x_wconf 92' lang='lat' dir='ltr'>da</span> <span class='ocrx_word' id='word_1_576' title='bbox 2173 2357 2234 2388; x_wconf 86' lang='lat' dir='ltr'>Ri-</span> 
     </span>
     <span class='ocr_line' id='line_1_95' title="bbox 1398 2411 2234 2454; baseline -0.005 -9"><span class='ocrx_word' id='word_1_577' title='bbox 1398 2413 1501 2450; x_wconf 86' lang='lat' dir='ltr'>biera,</span> <span class='ocrx_word' id='word_1_578' title='bbox 1517 2412 1691 2454; x_wconf 88' lang='lat' dir='ltr'>capitanio</span> <span class='ocrx_word' id='word_1_579' title='bbox 1715 2412 1809 2443; x_wconf 85' lang='lat' dir='ltr'>delle</span> <span class='ocrx_word' id='word_1_580' title='bbox 1831 2417 1934 2453; x_wconf 85' lang='lat' dir='ltr'>gente</span> <span class='ocrx_word' id='word_1_581' title='bbox 1953 2411 2009 2442; x_wconf 85' lang='lat' dir='ltr'>del</span> <span class='ocrx_word' id='word_1_582' title='bbox 2033 2411 2151 2453; x_wconf 83' lang='lat' dir='ltr'>signor</span> <span class='ocrx_word' id='word_1_583' title='bbox 2165 2420 2234 2441; x_wconf 91' lang='lat' dir='ltr'>me-</span> 
     </span>
     <span class='ocr_line' id='line_1_96' title="bbox 1397 2462 2234 2501; baseline -0.006 -3"><span class='ocrx_word' id='word_1_584' title='bbox 1397 2466 1465 2498; x_wconf 87' lang='lat' dir='ltr'>sier</span> <span class='ocrx_word' id='word_1_585' title='bbox 1481 2466 1676 2497; x_wconf 84' lang='lat' dir='ltr'>Francesco</span> <span class='ocrx_word' id='word_1_586' title='bbox 1694 2465 1737 2496; x_wconf 86' lang='lat' dir='ltr'>da</span> <span class='ocrx_word' id='word_1_587' title='bbox 1753 2463 1894 2501; x_wconf 79' lang='lat' dir='ltr'>Carara,</span> <span class='ocrx_word' id='word_1_588' title='bbox 1908 2463 2075 2495; x_wconf 73' lang='lat' dir='ltr'>cavalcho</span> <span class='ocrx_word' id='word_1_589' title='bbox 2093 2464 2125 2495; x_wconf 90' lang='lat' dir='ltr'>ai</span> <span class='ocrx_word' id='word_1_590' title='bbox 2149 2462 2234 2494; x_wconf 87' lang='lat' dir='ltr'>dicti</span> 
     </span>
     <span class='ocr_line' id='line_1_97' title="bbox 1399 2515 2232 2562; baseline -0.005 -12"><span class='ocrx_word' id='word_1_591' title='bbox 1399 2519 1488 2562; x_wconf 85' lang='lat' dir='ltr'>luogi</span> <span class='ocrx_word' id='word_1_592' title='bbox 1514 2529 1579 2550; x_wconf 90' lang='lat' dir='ltr'>con</span> <span class='ocrx_word' id='word_1_593' title='bbox 1603 2518 1636 2550; x_wconf 88' lang='lat' dir='ltr'>le</span> <span class='ocrx_word' id='word_1_594' title='bbox 1660 2523 1763 2560; x_wconf 83' lang='lat' dir='ltr'>gente</span> <span class='ocrx_word' id='word_1_595' title='bbox 1789 2518 1845 2549; x_wconf 88' lang='lat' dir='ltr'>del</span> <span class='ocrx_word' id='word_1_596' title='bbox 1870 2517 1963 2548; x_wconf 91' lang='lat' dir='ltr'>dicto</span> <span class='ocrx_word' id='word_1_597' title='bbox 1979 2516 2099 2558; x_wconf 81' lang='lat' dir='ltr'>signor</span> <span class='ocrx_word' id='word_1_598' title='bbox 2117 2522 2151 2548; x_wconf 88' lang='lat' dir='ltr'>et</span> <span class='ocrx_word' id='word_1_599' title='bbox 2175 2515 2232 2547; x_wconf 92' lang='lat' dir='ltr'>del</span> 
     </span>
     <span class='ocr_line' id='line_1_98' title="bbox 1397 2569 2231 2614; baseline -0.005 -11"><span class='ocrx_word' id='word_1_600' title='bbox 1397 2572 1605 2614; x_wconf 88' lang='lat' dir='ltr'>patriarcha,</span> <span class='ocrx_word' id='word_1_601' title='bbox 1629 2571 1880 2612; x_wconf 87' lang='lat' dir='ltr'>promectando</span> <span class='ocrx_word' id='word_1_602' title='bbox 1905 2571 1949 2601; x_wconf 92' lang='lat' dir='ltr'>de</span> <span class='ocrx_word' id='word_1_603' title='bbox 1975 2569 2107 2601; x_wconf 90' lang='lat' dir='ltr'>volerie</span> <span class='ocrx_word' id='word_1_604' title='bbox 2138 2578 2231 2600; x_wconf 88' lang='lat' dir='ltr'>com-</span> 
     </span>
     <span class='ocr_line' id='line_1_99' title="bbox 1398 2621 2231 2666; baseline -0.005 -10"><span class='ocrx_word' id='word_1_605' title='bbox 1398 2625 1503 2657; x_wconf 85' lang='lat' dir='ltr'>bater.</span> <span class='ocrx_word' id='word_1_606' title='bbox 1536 2625 1550 2656; x_wconf 94' lang='lat' dir='ltr'>I</span> <span class='ocrx_word' id='word_1_607' title='bbox 1566 2624 1672 2666; x_wconf 89' lang='lat' dir='ltr'>quali,</span> <span class='ocrx_word' id='word_1_608' title='bbox 1696 2634 1740 2655; x_wconf 92' lang='lat' dir='ltr'>no</span> <span class='ocrx_word' id='word_1_609' title='bbox 1757 2624 1943 2665; x_wconf 86' lang='lat' dir='ltr'>aspectada</span> <span class='ocrx_word' id='word_1_610' title='bbox 1962 2624 2087 2666; x_wconf 85' lang='lat' dir='ltr'>alguna</span> <span class='ocrx_word' id='word_1_611' title='bbox 2104 2621 2231 2658; x_wconf 86' lang='lat' dir='ltr'>bataia‚</span> 
     </span>
     <span class='ocr_line' id='line_1_100' title="bbox 1397 2675 2236 2718; baseline -0.002 -10"><span class='ocrx_word' id='word_1_612' title='bbox 1397 2682 1702 2718; x_wconf 85' lang='lat' dir='ltr'>spontaneamente</span> <span class='ocrx_word' id='word_1_613' title='bbox 1719 2687 1754 2707; x_wconf 89' lang='lat' dir='ltr'>se</span> <span class='ocrx_word' id='word_1_614' title='bbox 1778 2677 1898 2707; x_wconf 76' lang='lat' dir='ltr'>rende.</span> <span class='ocrx_word' id='word_1_615' title='bbox 1941 2676 1984 2707; x_wconf 86' lang='lat' dir='ltr'>Et</span> <span class='ocrx_word' id='word_1_616' title='bbox 2007 2675 2077 2707; x_wconf 80' lang='lat' dir='ltr'>cosi</span> <span class='ocrx_word' id='word_1_617' title='bbox 2094 2675 2125 2706; x_wconf 91' lang='lat' dir='ltr'>el</span> <span class='ocrx_word' id='word_1_618' title='bbox 2143 2675 2236 2706; x_wconf 91' lang='lat' dir='ltr'>dicto</span> 
     </span>
     <span class='ocr_line' id='line_1_101' title="bbox 1399 2727 2235 2774; baseline -0.005 -12"><span class='ocrx_word' id='word_1_619' title='bbox 1399 2737 1499 2762; x_wconf 82' lang='lat' dir='ltr'>conte</span> <span class='ocrx_word' id='word_1_620' title='bbox 1519 2729 1660 2774; x_wconf 54' lang='lat' dir='ltr'>(Juanne</span> <span class='ocrx_word' id='word_1_621' title='bbox 1677 2739 1712 2760; x_wconf 79' lang='lat' dir='ltr'>se</span> <span class='ocrx_word' id='word_1_622' title='bbox 1729 2730 1813 2771; x_wconf 83' lang='lat' dir='ltr'>parti</span> <span class='ocrx_word' id='word_1_623' title='bbox 1831 2739 1933 2760; x_wconf 84' lang='lat' dir='ltr'>senza</span> <span class='ocrx_word' id='word_1_624' title='bbox 1949 2735 2080 2771; x_wconf 83' lang='lat' dir='ltr'>treuga,</span> <span class='ocrx_word' id='word_1_625' title='bbox 2097 2729 2128 2759; x_wconf 92' lang='lat' dir='ltr'>la</span> <span class='ocrx_word' id='word_1_626' title='bbox 2144 2727 2235 2769; x_wconf 82' lang='lat' dir='ltr'>qual,</span> 
     </span>
     <span class='ocr_line' id='line_1_102' title="bbox 1397 2779 2235 2825; baseline -0.005 -11"><span class='ocrx_word' id='word_1_627' title='bbox 1397 2794 1433 2814; x_wconf 88' lang='lat' dir='ltr'>se</span> <span class='ocrx_word' id='word_1_628' title='bbox 1456 2783 1609 2825; x_wconf 84' lang='lat' dir='ltr'>vignuda</span> <span class='ocrx_word' id='word_1_629' title='bbox 1632 2783 1722 2814; x_wconf 80' lang='lat' dir='ltr'>fosse</span> <span class='ocrx_word' id='word_1_630' title='bbox 1748 2782 1791 2814; x_wconf 87' lang='lat' dir='ltr'>ad</span> <span class='ocrx_word' id='word_1_631' title='bbox 1816 2782 1956 2820; x_wconf 81' lang='lat' dir='ltr'>effecto,</span> <span class='ocrx_word' id='word_1_632' title='bbox 1981 2786 2179 2823; x_wconf 87' lang='lat' dir='ltr'>promectea</span> <span class='ocrx_word' id='word_1_633' title='bbox 2203 2779 2235 2810; x_wconf 90' lang='lat' dir='ltr'>el</span> 
     </span>
     <span class='ocr_line' id='line_1_103' title="bbox 1396 2834 2234 2875; baseline -0.005 -8"><span class='ocrx_word' id='word_1_634' title='bbox 1396 2836 1490 2867; x_wconf 81' lang='lat' dir='ltr'>dicto</span> <span class='ocrx_word' id='word_1_635' title='bbox 1515 2841 1615 2867; x_wconf 88' lang='lat' dir='ltr'>conte</span> <span class='ocrx_word' id='word_1_636' title='bbox 1639 2836 1716 2871; x_wconf 88' lang='lat' dir='ltr'>che,</span> <span class='ocrx_word' id='word_1_637' title='bbox 1740 2835 1898 2866; x_wconf 86' lang='lat' dir='ltr'>durando</span> <span class='ocrx_word' id='word_1_638' title='bbox 1927 2836 1959 2866; x_wconf 88' lang='lat' dir='ltr'>la</span> <span class='ocrx_word' id='word_1_639' title='bbox 1983 2834 2077 2866; x_wconf 74' lang='lat' dir='ltr'>dicta</span> <span class='ocrx_word' id='word_1_640' title='bbox 2101 2840 2234 2875; x_wconf 88' lang='lat' dir='ltr'>treuga,</span> 
     </span>
     <span class='ocr_line' id='line_1_104' title="bbox 1397 2885 2234 2930; baseline -0.004 -11"><span class='ocrx_word' id='word_1_641' title='bbox 1397 2888 1542 2921; x_wconf 86' lang='lat' dir='ltr'>l&#39;inclito</span> <span class='ocrx_word' id='word_1_642' title='bbox 1558 2899 1596 2919; x_wconf 91' lang='lat' dir='ltr'>re</span> <span class='ocrx_word' id='word_1_643' title='bbox 1614 2889 1655 2919; x_wconf 89' lang='lat' dir='ltr'>de</span> <span class='ocrx_word' id='word_1_644' title='bbox 1672 2888 1850 2930; x_wconf 85' lang='lat' dir='ltr'>Hongaria</span> <span class='ocrx_word' id='word_1_645' title='bbox 1862 2888 2042 2930; x_wconf 84' lang='lat' dir='ltr'>vignirave</span> <span class='ocrx_word' id='word_1_646' title='bbox 2058 2887 2103 2918; x_wconf 91' lang='lat' dir='ltr'>ad</span> <span class='ocrx_word' id='word_1_647' title='bbox 2120 2885 2234 2930; x_wconf 62' lang='lat' dir='ltr'>Gaga-</span> 
     </span>
     <span class='ocr_line' id='line_1_105' title="bbox 1397 2940 2234 2983; baseline -0.004 -10"><span class='ocrx_word' id='word_1_648' title='bbox 1397 2942 1480 2980; x_wconf 87' lang='lat' dir='ltr'>bria,</span> <span class='ocrx_word' id='word_1_649' title='bbox 1494 2941 1612 2983; x_wconf 86' lang='lat' dir='ltr'>alqual</span> <span class='ocrx_word' id='word_1_650' title='bbox 1621 2942 1724 2983; x_wconf 85' lang='lat' dir='ltr'>luogo</span> <span class='ocrx_word' id='word_1_651' title='bbox 1734 2952 1811 2972; x_wconf 89' lang='lat' dir='ltr'>man</span> <span class='ocrx_word' id='word_1_652' title='bbox 1817 2941 1896 2973; x_wconf 92' lang='lat' dir='ltr'>dadi</span> <span class='ocrx_word' id='word_1_653' title='bbox 1907 2941 1916 2971; x_wconf 92' lang='lat' dir='ltr'>i</span> <span class='ocrx_word' id='word_1_654' title='bbox 1927 2941 2028 2972; x_wconf 88' lang='lat' dir='ltr'>messi</span> <span class='ocrx_word' id='word_1_655' title='bbox 2037 2940 2093 2972; x_wconf 89' lang='lat' dir='ltr'>del</span> <span class='ocrx_word' id='word_1_656' title='bbox 2104 2940 2186 2972; x_wconf 85' lang='lat' dir='ltr'>duse</span> <span class='ocrx_word' id='word_1_657' title='bbox 2199 2944 2234 2971; x_wconf 89' lang='lat' dir='ltr'>et</span> 
     </span>
     <span class='ocr_line' id='line_1_106' title="bbox 1398 2993 2233 3037; baseline -0.004 -11"><span class='ocrx_word' id='word_1_658' title='bbox 1398 2994 1494 3037; x_wconf 86' lang='lat' dir='ltr'>quilli</span> <span class='ocrx_word' id='word_1_659' title='bbox 1506 2994 1541 3026; x_wconf 86' lang='lat' dir='ltr'>di</span> <span class='ocrx_word' id='word_1_660' title='bbox 1552 2994 1726 3036; x_wconf 84' lang='lat' dir='ltr'>colligadi‚</span> <span class='ocrx_word' id='word_1_661' title='bbox 1738 2994 1805 3025; x_wconf 80' lang='lat' dir='ltr'>ello</span> <span class='ocrx_word' id='word_1_662' title='bbox 1820 3004 2070 3036; x_wconf 86' lang='lat' dir='ltr'>componerave</span> <span class='ocrx_word' id='word_1_663' title='bbox 2084 2993 2127 3024; x_wconf 90' lang='lat' dir='ltr'>de</span> <span class='ocrx_word' id='word_1_664' title='bbox 2140 3001 2233 3034; x_wconf 79' lang='lat' dir='ltr'>pase.</span> 
     </span>
    </p>
   </div>
   <div class='ocr_carea' id='block_1_15' title="bbox 2397 0 2422 1002">
    <p class='ocr_par' dir='ltr' id='par_1_15' title="bbox 2397 0 2422 1002">
     <span class='ocr_line' id='line_1_107' title="bbox 2397 0 2422 1002; baseline 0 0"><span class='ocrx_word' id='word_1_665' title='bbox 2397 0 2422 1002; x_wconf 95' lang='lat' dir='ltr'> </span> 
     </span>
    </p>
   </div>
  </div>
 </body>
</html>
