2422 3684
435 393 577 425 REDAZ.
602 392 634 424 A

200 465 276 497 235.
301 483 340 488 —
358 464 489 497 Diebus
505 465 557 495 his
573 463 785 507 magnificus
802 462 960 495 dominus

113 519 321 551 Franciscus
344 519 459 550 senior
483 518 524 549 de
550 517 709 550 Carraria
741 515 862 557 nuptui
894 521 962 546 tra-

115 573 205 605 didit
230 573 385 604 dominas
409 571 473 602 sibi
498 580 543 602 ex
567 577 663 611 patre
691 579 837 605 sorores,
854 568 962 599 domi-

115 626 168 658 nis
192 636 275 657 vero
300 624 468 661 Marsilio,
486 624 632 655 Nicolao
651 629 684 654 et
700 622 833 654 Karolo
850 621 963 652 Uber-

114 680 185 711 tino
211 680 253 710 de
278 677 440 709 Carraria
463 687 505 708 ex
528 682 675 717 utroque
700 681 856 716 parente,
879 674 963 704 alte-

114 743 185 763 ram
200 728 532 767 videlicet,Alietam
551 728 701 765 nomine,
719 726 863 758 Iohanni
881 732 961 757 nato

116 787 210 818 Luce
227 785 270 816 de
287 783 445 816 Sabellis,
462 782 630 823 principis
644 781 795 812 Romani
812 779 962 821 potentis

116 839 301 881 plurimum
326 842 428 879 atque
453 835 563 873 ducis,
591 836 734 866 alteram
766 844 849 864 vero
881 838 963 863 natu

116 892 293 928 minorem,
305 890 499 932 johannam
513 889 662 927 nomine,
672 887 792 919 Ulrico
806 886 965 918 theotho-

117 946 208 982 nico,
234 943 352 977 comiti
370 943 414 974 de
432 941 648 979 Monteferfi,
665 941 738 972 viro
756 940 821 970 iam
838 945 872 970 et
888 949 965 980 per-

117 1008 201 1029 sona
218 997 352 1039 grandi.
389 994 479 1032 Que,
493 994 678 1026 celebratis
690 994 749 1025 hic
767 993 963 1034 nuptiarum

118 1051 283 1083 solenniis
314 1050 348 1080 in
381 1049 502 1086 coreis,
534 1047 717 1078 armilustis
748 1052 782 1078 et
812 1046 897 1082 aliis,
932 1051 966 1076 et

119 1103 362 1136 festivitatibus
382 1102 457 1133 aliis
474 1102 518 1133 de
535 1101 709 1132 mensibus
726 1100 794 1131 mai
821 1105 854 1130 et
872 1099 967 1135 iunii,

119 1169 182 1200 per
197 1168 342 1199 sponsos
359 1167 476 1188 eorum
493 1156 538 1186 ad
554 1155 694 1196 propria
714 1154 873 1186 traducte
890 1158 967 1184 sunt

121 1222 197 1243 cum
221 1209 415 1243 honorabili
439 1209 647 1241 Patavorum
672 1207 842 1240 comitiva.

210 1317 284 1348 236.
312 1335 349 1338 —
376 1316 458 1347 Post
481 1315 679 1347 conflictum
706 1325 767 1355 per
792 1313 965 1345 dominum

123 1372 150 1402 F
153 1371 314 1402 eltrinum
339 1370 382 1400 de
409 1369 573 1411 Goncaga
603 1378 680 1400 cum
713 1366 875 1410 gentibus
898 1365 970 1397 col-

122 1423 306 1467 ligatorum
330 1423 426 1454 iuxta
451 1422 608 1454 bastitam
632 1421 765 1453 Solarie
782 1420 912 1451 illatum
932 1419 968 1450 in

122 1475 283 1519 gentibus
306 1475 436 1508 domini
461 1474 687 1511 Bernabonis,
712 1475 785 1515 ipse
811 1473 971 1504 dominus

125 1530 294 1562 Feltrinus
318 1536 388 1561 tam
411 1529 507 1572 vigili
538 1529 679 1560 solertia
710 1528 832 1560 bastite
866 1527 970 1568 ipsius

124 1584 261 1615 vacavit
278 1582 452 1614 obsidioni
476 1588 640 1623 tantaque
658 1582 790 1613 astucia
812 1591 891 1611 usus
909 1585 970 1616 est,

122 1642 160 1668 ut
183 1636 330 1668 obsessis
355 1646 488 1667 omnem
514 1636 652 1676 penitus
681 1635 850 1666 adimeret
873 1643 969 1675 spem

125 1696 192 1721 tam
211 1689 411 1721 victualium
429 1699 529 1730 quam
546 1687 718 1730 suffragii,
735 1687 779 1718 ad
792 1687 897 1729 idque
915 1686 971 1718 die

126 1749 298 1785 noctuque
323 1742 525 1779 conabatur,
550 1748 583 1772 et
608 1742 696 1772 adeo
721 1741 815 1782 quod
844 1739 973 1780 capita-

126 1805 211 1827 neus
233 1795 392 1827 obsessus
416 1806 495 1826 cum
518 1795 598 1831 suis,
623 1794 746 1836 quibus
770 1794 837 1824 iam
862 1793 898 1823 in
924 1799 974 1823 to-

127 1855 196 1880 tum
220 1854 403 1890 apportata
427 1842 654 1886 deficiebant,
679 1858 744 1878 nec
773 1847 816 1878 de
849 1857 975 1888 appor-

127 1902 240 1933 tandis
256 1902 300 1933 de
318 1908 435 1933 cetero
448 1912 543 1942 spem
557 1901 694 1937 habeat,
712 1900 908 1941 compulsus
925 1905 975 1931 est

130 1955 184 1986 die
210 1960 316 1994 certa,
340 1954 407 1986 nisi
430 1954 495 1986 sibi
513 1960 744 1991 succurratur,
773 1963 809 1984 se
834 1953 974 1985 tradere

131 2014 166 2039 et
187 2007 357 2039 bastitam.
404 2008 457 2038 Ex
485 2018 552 2049 quo
578 2006 719 2038 estensis
742 2006 896 2037 marchio
915 2005 976 2036 Ni-

132 2061 258 2097 colaus¹
284 2060 380 2091 cuius
411 2060 520 2102 magis
550 2060 729 2096 intererat,
760 2070 837 2090 cum
869 2059 973 2089 multo

131 2113 236 2145 milite
259 2119 293 2145 et
309 2113 429 2154 pedite
447 2123 512 2144 ceu
528 2124 590 2144 sua
605 2113 741 2144 visurus
757 2112 839 2143 illuc
857 2123 975 2144 acces-

131 2167 184 2203 sit,
208 2166 279 2208 qui,
302 2167 359 2199 die
385 2166 586 2198 tradicionis
609 2165 734 2198 bastite
759 2171 895 2203 statuta,
913 2164 975 2196 sub

132 2219 199 2250 suis
217 2219 350 2251 vexillis
366 2225 399 2251 et
423 2219 599 2261 capitanei
623 2219 769 2250 Feltrini
790 2229 867 2250 cum
891 2228 975 2260 gen-

133 2271 222 2303 tibus
246 2273 331 2310 aliis,
354 2283 417 2314 per
441 2272 659 2314 capitaneum
681 2272 857 2304 obsessum
875 2271 976 2303 basti-

135 2331 179 2363 te,
204 2331 240 2356 ut
266 2326 481 2366 promiserat,
512 2326 613 2356 ianua
645 2325 833 2366 patefacta,
865 2325 974 2366 ipsam

135 2384 283 2409 armatus
313 2378 462 2410 intravit.
509 2378 676 2410 Dominus
703 2385 816 2409 autem
848 2379 978 2409 Berna-

136 2433 207 2469 bos,
223 2437 259 2462 ut
278 2431 400 2463 bastite
420 2432 486 2473 ipsi
504 2432 589 2464 vidit
606 2443 674 2463 non
692 2443 792 2473 posse
810 2433 976 2469 succurri,

137 2484 321 2515 ostendens
351 2496 386 2516 se
417 2485 632 2517 solummodo
664 2485 708 2516 ad
732 2486 767 2516 id
800 2486 871 2523 niti,
899 2496 976 2517 cum

137 2548 261 2580 magna
285 2538 436 2580 gentium
453 2539 556 2580 copia
572 2549 607 2570 se
624 2539 727 2570 traxit
745 2539 778 2569 in
798 2539 910 2571 locum
927 2540 975 2570 rei

139 2590 382 2632 propinquum,
404 2592 543 2623 nomine
574 2590 672 2628 Cese,
697 2591 831 2623 Mutine
863 2592 979 2633 proxi-

139 2655 240 2683 mum,
272 2644 486 2687 interimque,
511 2645 591 2676 dum
616 2646 769 2677 marchio
793 2656 869 2677 cum
894 2656 977 2687 gen-

139 2697 231 2729 tibus
254 2696 297 2728 ad
325 2697 538 2729 fulciendam
562 2698 713 2729 habitam
746 2699 905 2730 bastitam
930 2699 980 2729 vi-

141 2750 290 2793 gilanter
319 2750 470 2787 instaret,
505 2751 663 2782 dominus
694 2751 769 2792 ipse
802 2751 978 2783 Bernabos

143 2803 300 2834 bastitam
323 2803 411 2834 Cese
443 2803 575 2844 incepit
607 2810 640 2836 et
670 2805 834 2845 temporis
857 2810 979 2841 tractu,

145 2856 271 2897 absque
295 2856 556 2887 adversancium
573 2857 696 2888 timore
722 2857 848 2900 aliquo,
872 2858 979 2899 ipsam

476 261 646 300 GESTA
675 258 977 296 MAGNIFICA
1006 257 1189 293 DOMUS
1219 255 1605 292 CARRARIENSIS

1035 885 1071 915 10

1036 1149 1070 1179 15

1038 1738 1056 1767 ω

1062 1736 1078 1767 υἱ

1039 2003 1079 2033 30

1044 2538 1084 2567 40

1047 2803 1086 2834 45

1889 255 1951 291 lll

1443 388 1579 420 REDAz.
1606 387 1642 419 J)

1211 461 1285 491 235.
1308 478 1354 482 —
1375 459 1427 491 En
1453 459 1564 501 questi
1591 459 1623 490 di
1649 460 1681 491 el
1706 459 1888 502 magnifico
1920 461 1964 491 si-

1120 523 1206 554 gnos
1230 513 1354 544 mesier
1378 513 1575 544 Francesco
1594 513 1637 543 da
1655 513 1803 544 Carrara
1828 513 1962 545 inarido

1124 566 1167 597 do
1192 576 1229 596 so
1253 576 1369 597 serore
1394 565 1582 597 solamente
1608 566 1651 596 da
1676 571 1772 606 parte
1798 566 1841 597 de
1870 577 1963 607 pare,

1123 630 1178 649 ma
1202 629 1220 649 a
1237 621 1361 650 mesier
1378 618 1544 655 Mamilio,
1562 618 1688 650 Nicolo
1706 625 1739 650 et
1755 618 1903 651 Ubertin
1920 620 1964 651 da

1125 677 1221 711 parte
1240 672 1281 702 de
1299 681 1381 713 pare
1398 677 1432 702 et
1449 671 1491 703 de
1509 682 1616 708 mare,
1634 671 1725 702 l’una
1742 672 1832 703 delle
1851 674 1964 714 quale,

1125 724 1187 767 0οὲ
1212 725 1362 755 madona
1386 725 1546 761 Lieta‚f0
1570 724 1662 756 dada
1676 735 1695 755 a
1714 725 1964 769 Cuanr1e‚fi0lo

1125 777 1159 808 di
1183 777 1305 808 Lucha
1330 778 1480 815 Savello,
1512 778 1672 819 principe
1705 789 1834 817 roman,
1865 780 1965 810 homo

1125 836 1286 871 possente
1311 837 1344 862 et
1368 832 1474 868 duse;
1499 831 1785 869 l’altra‚menore‚
1812 832 1873 873 gto'e
1898 843 1968 863 ma-

1126 884 1216 915 dona
1240 883 1393 929 (joanna,
1418 885 1454 916 fo
1480 885 1569 916 dada
1596 885 1640 916 ad
1664 884 1788 926 Ulrigo
1814 886 1967 923 todesco,

1126 943 1228 968 conte
1246 937 1289 968 de
1307 937 1531 970 Monteforte.
1575 938 1624 969 Le
1643 937 1734 980 qual,
1753 939 1844 970 facte
1862 939 1918 980 qui
1936 939 1967 969 le

1126 989 1305 1021 solemnit&
1321 991 1412 1022 delle
1431 1001 1518 1034 noce
1536 1002 1602 1022 con
1621 991 1713 1029 balli,
1732 998 1843 1033 eostre
1864 998 1897 1023 et
1922 992 1968 1022 al-

1127 1050 1177 1075 tre
1195 1044 1282 1074 feste
1307 1043 1342 1074 di
1363 1046 1447 1075 mesi
1465 1045 1508 1076 de
1524 1055 1622 1087 maco
1647 1050 1680 1076 et
1697 1045 1739 1076 de
1758 1055 1882 1087 pugno,
1907 1056 1970 1086 per

1127 1097 1195 1128 iso
1219 1098 1302 1127 mari
1328 1097 1363 1128 fo
1389 1098 1487 1129 mena
1511 1098 1541 1128 ai
1560 1098 1608 1129 so'
1634 1099 1765 1140 proprii
1782 1099 1877 1141 luogi
1903 1109 1969 1130 con

1128 1149 1219 1180 bella
1249 1156 1282 1180 et
1313 1150 1522 1182 honorevole
1555 1152 1761 1194 compagnia
1796 1151 1829 1182 di
1864 1151 1970 1183 nobili

1129 1203 1275 1235 citadini
1302 1204 1442 1245 pavani.

1218 1314 1292 1345 230.
1318 1333 1358 1336 —
1384 1314 1512 1346 Driedo
1538 1315 1569 1346 13
1594 1316 1753 1348 sconfitta
1777 1328 1840 1359 per
1863 1327 1973 1349 meser

1131 1365 1259 1397 Feltrin
1282 1366 1326 1399 da
1351 1368 1517 1411 Goncaga
1543 1379 1608 1400 con
1633 1371 1663 1400 le
1688 1377 1792 1411 gente
1817 1370 1851 1401 di
1875 1371 1971 1402 colli—

1130 1420 1211 1461 gadi
1225 1419 1315 1452 dada
1328 1421 1381 1452 ale
1393 1428 1494 1463 gente
1509 1421 1551 1453 de
1566 1424 1688 1453 mesier
1702 1424 1859 1455 Bernabo
1877 1435 1971 1465 pres-

1132 1482 1169 1503 so
1186 1473 1217 1503 la
1235 1473 1341 1505 bastia
1360 1474 1403 1506 de
1422 1474 1554 1513 Solara,
1573 1476 1604 1507 el
1629 1476 1723 1508 dicto
1747 1476 1872 1508 mesier
1897 1477 1972 1509 Fel-

1132 1526 1198 1557 trin
1222 1537 1284 1558 con
1311 1533 1406 1559 tanta
1430 1529 1562 1570 guarda
1587 1535 1620 1560 et
1644 1530 1866 1561 solicitudine
1887 1536 1972 1562 stete

1134 1579 1311 1612 all’asedio
1327 1581 1419 1612 della
1442 1581 1536 1613 dicta
1561 1582 1680 1620 bastia‚
1704 1583 1769 1614 che
1794 1583 1861 1615 ello
1885 1583 1971 1615 tolse

1135 1633 1215 1673 ogni
1238 1643 1407 1676 speranca
1432 1645 1450 1664 a
1474 1635 1569 1676 quilli
1593 1635 1719 1666 dentro
1744 1642 1777 1667 et
1800 1636 1872 1668 cosi
1891 1637 1973 1667 d’al-

1135 1686 1224 1717 turio
1249 1697 1348 1718 como
1373 1687 1416 1719 de
1434 1688 1610 1720 victoarie.
1656 1688 1726 1720 Per
1749 1690 1780 1720 la
1798 1690 1876 1731 qual
1894 1701 1973 1721 cosa

1136 1740 1167 1770 el
1181 1740 1366 1780 capitanio,
1381 1748 1587 1779 coustrecto‚
1604 1744 1728 1784 pateco
1742 1753 1808 1774 con
1819 1744 1914 1785 quilli
1931 1743 1974 1774 de

1136 1793 1247 1830 fuora,
1273 1794 1336 1825 che
1361 1805 1397 1826 se
1422 1795 1467 1826 fin
1492 1807 1511 1826 a
1535 1796 1665 1828 cotanti
1690 1797 1725 1828 di
1756 1797 1823 1828 ello
1857 1808 1900 1828 no
1933 1798 1976 1828 ha

1135 1844 1283 1884 secorso,
1309 1847 1375 1878 ello
1400 1848 1548 1879 renderii
1572 1848 1603 1879 13
1629 1849 1723 1880 dicta
1740 1850 1860 1882 bastia‚
1910 1850 1975 1881 Per

1137 1899 1168 1930 la
1191 1900 1272 1941 qual
1304 1910 1383 1931 cosa
1416 1901 1554 1940 Nicolo,
1577 1902 1753 1933 marchese
1786 1904 1828 1934 de
1858 1904 1928 1940 Est,
1957 1915 1975 1934 a

1135 1953 1192 1983 chi
1216 1954 1361 1984 tochava
1386 1954 1491 1985 molto
1509 1955 1538 1985 el
1559 1955 1661 1992 facto,
1679 1956 1845 1988 cavalcho
1864 1957 1894 1987 121
1912 1967 1976 1987 0011

1134 2017 1202 2038 11113
1225 2007 1316 2038 bella
1340 2009 1546 2050 compagnia
1572 2009 1616 2040 de
1640 2009 1768 2050 pedoni
1785 2017 1817 2041 et
1835 2011 1877 2041 de
1896 2011 1977 2041 01111-

1136 2060 1267 2092 valieri.
1314 2061 1355 2092 El
1373 2062 1452 2103 qual
1470 2063 1502 2093 el
1520 2062 1555 2093 di
1572 2062 1637 2093 che
1655 2064 1690 2094 fo
1708 2064 1816 2095 rendi)
1834 2065 1865 2095 la
1884 2065 1976 2095 dicta

1136 2113 1253 2150 bastia‚
1278 2116 1419 2146 armado
1445 2115 1490 2146 fe’
1515 2116 1674 2147 l’intrada
1707 2117 1877 2148 insembre
1911 2127 1975 2148 con

1135 2168 1259 2198 mesier
1283 2166 1414 2199 Feltria
1440 2175 1473 2199 et
1498 2179 1560 2200 con
1587 2170 1620 2200 la
1643 2176 1745 2212 gente
1771 2171 1862 2201 della
1895 2170 1974 2212 liga.

1137 2221 1196 2251 Ma
1219 2221 1250 2252 el
1281 2221 1396 2263 signor
1427 2222 1550 2253 mesier
1582 2222 1752 2259 Bernabe),
1784 2224 1840 2264 po’
1865 2224 1929 2255 0110
1956 2223 1976 2253 ’1

1135 2273 1220 2304 vede
1246 2284 1290 2304 no
1315 2285 1433 2315 posser
1457 2286 1614 2306 secorrer
1644 2276 1711 2307 3113
1741 2277 1831 2308 dicta
1856 2276 1975 2313 bastia‚

1135 2328 1358 2359 monstrando
1383 2339 1446 2369 pur
1470 2329 1512 2360 de
1537 2330 1696 2360 attendet
1728 2341 1747 2359 3
1779 2330 1908 2370 quello,
1939 2341 1974 2361 se

1136 2386 1242 2412 trasse
1260 2381 1293 2411 in
1318 2393 1361 2412 un
1388 2382 1489 2423 luogo
1508 2393 1647 2423 apresso
1664 2382 1825 2422 hlodena,
1852 2383 1915 2414 che
1941 2394 1975 2414 se

1138 2435 1272 2466 chiama
1290 2433 1389 2471 Cesa,
1407 2442 1440 2466 et
1458 2436 1491 2466 in
1509 2437 1588 2476 quel
1608 2437 1670 2467 che
1696 2437 1716 2467 'l
1742 2436 1918 2467 marchese
1944 2443 1977 2468 ct

1138 2488 1262 2519 mesier
1290 2488 1420 2519 Feltrin
1446 2488 1579 2519 instava
1604 2501 1621 2519 a
1646 2489 1756 2521 fornir
1782 2489 1871 2520 delle
1896 2499 1976 2520 cose

1140 2541 1330 2572 necessarie
1355 2541 1388 2572 la
1413 2541 1522 2573 bastia
1554 2543 1596 2573 de
1629 2542 1761 2579 Solara,
1787 2542 1852 2573 ello
1877 2553 1977 2583 prese

1140 2606 1201 2636 per
1226 2595 1324 2637 {orca
1348 2595 1380 2626 la
1406 2596 1515 2627 bastia
1540 2596 1582 2627 cle
1614 2596 1700 2628 Cesa
1725 2602 1759 2628 et
1784 2596 1896 2637 quella
1926 2607 1979 2626 re-

1142 2648 1223 2689 paro
1248 2649 1291 2680 de
1317 2648 1409 2679 fossa
1442 2655 1475 2680 et
1504 2649 1547 2680 de
1579 2650 1712 2689 spaldo,
1745 2650 1810 2680 che
1842 2659 1887 2679 no
1920 2660 1978 2680 era

1142 2712 1221 2732 men
1246 2702 1408 2733 nosevole
1434 2714 1453 2733 3
1476 2702 1629 2734 Modena
1653 2704 1718 2734 cha
1748 2703 1779 2732 la
1803 2702 1910 2733 bastia
1935 2702 1978 2733 de

1143 2755 1275 2786 Solara.
1320 2755 1387 2786 Per
1415 2756 1447 2787 la
1476 2757 1554 2798 qual
1587 2766 1666 2787 cosa
1698 2756 1731 2786 la
1762 2760 1864 2796 gente
1890 2755 1978 2786 della

1143 2808 1211 2850 liga
1235 2819 1270 2839 se
1288 2814 1394 2839 trasse
1416 2810 1449 2839 in
1474 2809 1671 2850 bolognese,
1689 2808 1902 2839 intondaudo
1926 2818 1982 2839 so-

1143 2861 1293 2892 lamente
1318 2862 1498 2892 all'asedio
1525 2862 1558 2893 di
1585 2862 1853 2893 Crevalchuore.

1234 3034 1275 3058 37.
1296 3034 1408 3058 :ipresso
1429 3028 1454 3049 et
1476 3033 1587 3058 :ipresso
1612 3027 1671 3049 PE
