<?xml version="1.0" encoding="UTF-8"?>
<!DOCTYPE html PUBLIC "-//W3C//DTD XHTML 1.0 Transitional//EN"
    "http://www.w3.org/TR/xhtml1/DTD/xhtml1-transitional.dtd">
<html xmlns="http://www.w3.org/1999/xhtml" xml:lang="en" lang="en">
 <head>
  <title>
</title>
<meta http-equiv="Content-Type" content="text/html;charset=utf-8" />
  <meta name='ocr-system' content='tesseract 3.04.00' />
  <meta name='ocr-capabilities' content='ocr_page ocr_carea ocr_par ocr_line ocrx_word'/>
</head>
<body>
  <div class='ocr_page' id='page_1' title='image "./p1f11rerumitalica17murauoft_0092.png"; bbox 0 0 2422 3684; ppageno 0'>
   <div class='ocr_carea' id='block_1_1' title="bbox 424 205 1907 242">
    <p class='ocr_par' dir='ltr' id='par_1_1' title="bbox 424 205 1907 242">
     <span class='ocr_line' id='line_1_1' title="bbox 424 205 1907 242; baseline 0.001 -2"><span class='ocrx_word' id='word_1_1' title='bbox 424 206 471 240; x_wconf 85' lang='lat'>24</span> <span class='ocrx_word' id='word_1_2' title='bbox 774 205 944 241; x_wconf 89' lang='lat' dir='ltr'>GESTA</span> <span class='ocrx_word' id='word_1_3' title='bbox 973 206 1275 241; x_wconf 85' lang='lat' dir='ltr'>MAGNIFICA</span> <span class='ocrx_word' id='word_1_4' title='bbox 1305 206 1489 241; x_wconf 89' lang='lat' dir='ltr'>DOMUS</span> <span class='ocrx_word' id='word_1_5' title='bbox 1517 206 1907 242; x_wconf 82' lang='lat' dir='ltr'>CARRARIENSIS</span> 
     </span>
    </p>
   </div>
   <div class='ocr_carea' id='block_1_2' title="bbox 420 337 2319 795">
    <p class='ocr_par' dir='ltr' id='par_1_2' title="bbox 420 337 2319 795">
     <span class='ocr_line' id='line_1_2' title="bbox 421 337 2255 381; baseline 0.002 -13"><span class='ocrx_word' id='word_1_6' title='bbox 421 343 568 368; x_wconf 86' lang='lat' dir='ltr'>castrum</span> <span class='ocrx_word' id='word_1_7' title='bbox 593 339 773 371; x_wconf 89' lang='lat' dir='ltr'>custodum</span> <span class='ocrx_word' id='word_1_8' title='bbox 797 339 931 371; x_wconf 89' lang='lat' dir='ltr'>insonat</span> <span class='ocrx_word' id='word_1_9' title='bbox 956 339 1096 377; x_wconf 88' lang='lat' dir='ltr'>clamor,</span> <span class='ocrx_word' id='word_1_10' title='bbox 1118 339 1271 380; x_wconf 87' lang='lat' dir='ltr'>undique</span> <span class='ocrx_word' id='word_1_11' title='bbox 1296 337 1340 370; x_wconf 92' lang='lat' dir='ltr'>ad</span> <span class='ocrx_word' id='word_1_12' title='bbox 1364 348 1537 370; x_wconf 90' lang='lat' dir='ltr'>murorum</span> <span class='ocrx_word' id='word_1_13' title='bbox 1557 339 1778 371; x_wconf 83' lang='lat' dir='ltr'><strong>concurritur</strong></span> <span class='ocrx_word' id='word_1_14' title='bbox 1805 338 1994 376; x_wconf 82' lang='lat' dir='ltr'>defensam,</span> <span class='ocrx_word' id='word_1_15' title='bbox 2025 350 2068 370; x_wconf 85' lang='lat' dir='ltr'>ex</span> <span class='ocrx_word' id='word_1_16' title='bbox 2097 349 2165 381; x_wconf 94' lang='lat' dir='ltr'>quo</span> <span class='ocrx_word' id='word_1_17' title='bbox 2197 350 2255 371; x_wconf 91' lang='lat' dir='ltr'>co-</span> 
     </span>
     <span class='ocr_line' id='line_1_3' title="bbox 421 391 2255 434; baseline 0.002 -14"><span class='ocrx_word' id='word_1_18' title='bbox 421 396 545 432; x_wconf 75' lang='lat' dir='ltr'>guntur</span> <span class='ocrx_word' id='word_1_19' title='bbox 572 392 795 424; x_wconf 72' lang='lat' dir='ltr'>retrocedere</span> <span class='ocrx_word' id='word_1_20' title='bbox 819 392 984 424; x_wconf 89' lang='lat' dir='ltr'>Paduani.</span> <span class='ocrx_word' id='word_1_21' title='bbox 1031 391 1169 423; x_wconf 82' lang='lat' dir='ltr'>Domini</span> <span class='ocrx_word' id='word_1_22' title='bbox 1192 391 1353 423; x_wconf 91' lang='lat' dir='ltr'>Ubertini</span> <span class='ocrx_word' id='word_1_23' title='bbox 1385 392 1546 423; x_wconf 76' lang='lat' dir='ltr'>frustrato</span> <span class='ocrx_word' id='word_1_24' title='bbox 1579 392 1764 433; x_wconf 84' lang='lat' dir='ltr'>proposito,</span> <span class='ocrx_word' id='word_1_25' title='bbox 1796 404 1838 424; x_wconf 84' lang='lat' dir='ltr'>ex</span> <span class='ocrx_word' id='word_1_26' title='bbox 1869 392 2076 434; x_wconf 84' lang='lat' dir='ltr'>quibusdam</span> <span class='ocrx_word' id='word_1_27' title='bbox 2108 392 2255 433; x_wconf 89' lang='lat' dir='ltr'>captivis</span> 
     </span>
     <span class='ocr_line' id='line_1_4' title="bbox 421 443 2254 486; baseline 0.001 -12"><span class='ocrx_word' id='word_1_28' title='bbox 421 443 561 475; x_wconf 88' lang='lat' dir='ltr'>domino</span> <span class='ocrx_word' id='word_1_29' title='bbox 586 445 688 476; x_wconf 87' lang='lat' dir='ltr'>Petro</span> <span class='ocrx_word' id='word_1_30' title='bbox 713 445 756 476; x_wconf 89' lang='lat' dir='ltr'>de</span> <span class='ocrx_word' id='word_1_31' title='bbox 780 445 908 477; x_wconf 89' lang='lat' dir='ltr'>Verme</span> <span class='ocrx_word' id='word_1_32' title='bbox 931 444 1142 486; x_wconf 83' lang='lat' dir='ltr'>prodicionis</span> <span class='ocrx_word' id='word_1_33' title='bbox 1165 445 1271 475; x_wconf 87' lang='lat' dir='ltr'>series</span> <span class='ocrx_word' id='word_1_34' title='bbox 1295 444 1459 485; x_wconf 89' lang='lat' dir='ltr'>aperitur.</span> <span class='ocrx_word' id='word_1_35' title='bbox 1500 444 1545 475; x_wconf 92' lang='lat' dir='ltr'>Hi</span> <span class='ocrx_word' id='word_1_36' title='bbox 1562 445 1689 486; x_wconf 86' lang='lat' dir='ltr'>captivi</span> <span class='ocrx_word' id='word_1_37' title='bbox 1706 445 1805 477; x_wconf 78' lang='lat' dir='ltr'>furca</span> <span class='ocrx_word' id='word_1_38' title='bbox 1827 446 2091 486; x_wconf 88' lang='lat' dir='ltr'>suspenduntur.</span> <span class='ocrx_word' id='word_1_39' title='bbox 2130 445 2254 476; x_wconf 89' lang='lat' dir='ltr'>Intrin-</span> 
     </span>
     <span class='ocr_line' id='line_1_5' title="bbox 420 496 2256 540; baseline 0.001 -13"><span class='ocrx_word' id='word_1_40' title='bbox 420 498 491 527; x_wconf 89' lang='lat' dir='ltr'>seci</span> <span class='ocrx_word' id='word_1_41' title='bbox 515 507 598 528; x_wconf 88' lang='lat' dir='ltr'>vero</span> <span class='ocrx_word' id='word_1_42' title='bbox 621 498 833 539; x_wconf 85' lang='lat' dir='ltr'>prodicionis</span> <span class='ocrx_word' id='word_1_43' title='bbox 857 499 989 530; x_wconf 85' lang='lat' dir='ltr'>conscii</span> <span class='ocrx_word' id='word_1_44' title='bbox 1012 498 1228 529; x_wconf 87' lang='lat' dir='ltr'>membratim</span> <span class='ocrx_word' id='word_1_45' title='bbox 1253 498 1460 530; x_wconf 83' lang='lat' dir='ltr'>lacerantur.</span> <span class='ocrx_word' id='word_1_46' title='bbox 1505 496 1566 529; x_wconf 88' lang='lat' dir='ltr'>Set</span> <span class='ocrx_word' id='word_1_47' title='bbox 1588 509 1656 530; x_wconf 90' lang='lat' dir='ltr'>non</span> <span class='ocrx_word' id='word_1_48' title='bbox 1680 498 1785 530; x_wconf 91' lang='lat' dir='ltr'>multo</span> <span class='ocrx_word' id='word_1_49' title='bbox 1810 504 1888 540; x_wconf 88' lang='lat' dir='ltr'>post</span> <span class='ocrx_word' id='word_1_50' title='bbox 1905 504 1995 534; x_wconf 90' lang='lat' dir='ltr'>octo,</span> <span class='ocrx_word' id='word_1_51' title='bbox 2011 498 2103 529; x_wconf 85' lang='lat' dir='ltr'>iussu</span> <span class='ocrx_word' id='word_1_52' title='bbox 2126 498 2256 529; x_wconf 89' lang='lat' dir='ltr'>domini</span> 
     </span>
     <span class='ocr_line' id='line_1_6' title="bbox 421 549 2319 592; baseline 0.002 -12"><span class='ocrx_word' id='word_1_53' title='bbox 421 549 561 582; x_wconf 87' lang='lat' dir='ltr'>Mastini</span> <span class='ocrx_word' id='word_1_54' title='bbox 583 552 740 583; x_wconf 87' lang='lat' dir='ltr'>volentes</span> <span class='ocrx_word' id='word_1_55' title='bbox 764 552 1051 582; x_wconf 82' lang='lat' dir='ltr'>Montemsilicem</span> <span class='ocrx_word' id='word_1_56' title='bbox 1076 551 1218 588; x_wconf 84' lang='lat' dir='ltr'>intrare,</span> <span class='ocrx_word' id='word_1_57' title='bbox 1243 561 1262 582; x_wconf 89' lang='lat' dir='ltr'>a</span> <span class='ocrx_word' id='word_1_58' title='bbox 1286 551 1463 582; x_wconf 87' lang='lat' dir='ltr'>Paduanis</span> <span class='ocrx_word' id='word_1_59' title='bbox 1496 552 1599 592; x_wconf 89' lang='lat' dir='ltr'>capti,</span> <span class='ocrx_word' id='word_1_60' title='bbox 1623 551 1762 583; x_wconf 88' lang='lat' dir='ltr'>iubente</span> <span class='ocrx_word' id='word_1_61' title='bbox 1789 551 1927 583; x_wconf 91' lang='lat' dir='ltr'>domino</span> <span class='ocrx_word' id='word_1_62' title='bbox 1960 551 2142 587; x_wconf 68' lang='lat' dir='ltr'>Uberum,</span> <span class='ocrx_word' id='word_1_63' title='bbox 2176 562 2256 583; x_wconf 80' lang='lat' dir='ltr'>mox</span> <span class='ocrx_word' id='word_1_64' title='bbox 2302 551 2319 582; x_wconf 90' lang='lat'>5</span> 
     </span>
     <span class='ocr_line' id='line_1_7' title="bbox 421 603 2256 646; baseline 0.002 -13"><span class='ocrx_word' id='word_1_65' title='bbox 421 604 683 644; x_wconf 84' lang='lat' dir='ltr'>suspenduntur.</span> <span class='ocrx_word' id='word_1_66' title='bbox 730 605 781 635; x_wconf 84' lang='lat' dir='ltr'>Ex</span> <span class='ocrx_word' id='word_1_67' title='bbox 804 605 870 636; x_wconf 90' lang='lat' dir='ltr'>hoc</span> <span class='ocrx_word' id='word_1_68' title='bbox 897 605 939 635; x_wconf 90' lang='lat' dir='ltr'>de</span> <span class='ocrx_word' id='word_1_69' title='bbox 964 604 1124 636; x_wconf 87' lang='lat' dir='ltr'>mandato</span> <span class='ocrx_word' id='word_1_70' title='bbox 1150 603 1278 635; x_wconf 90' lang='lat' dir='ltr'>domini</span> <span class='ocrx_word' id='word_1_71' title='bbox 1303 603 1399 635; x_wconf 79' lang='lat' dir='ltr'>Petri</span> <span class='ocrx_word' id='word_1_72' title='bbox 1431 605 1474 635; x_wconf 89' lang='lat' dir='ltr'>de</span> <span class='ocrx_word' id='word_1_73' title='bbox 1506 604 1633 636; x_wconf 88' lang='lat' dir='ltr'>Verme</span> <span class='ocrx_word' id='word_1_74' title='bbox 1665 612 1797 645; x_wconf 83' lang='lat' dir='ltr'>septem</span> <span class='ocrx_word' id='word_1_75' title='bbox 1826 605 1881 636; x_wconf 90' lang='lat' dir='ltr'>alii</span> <span class='ocrx_word' id='word_1_76' title='bbox 1914 605 2179 646; x_wconf 90' lang='lat' dir='ltr'>suspenduntur,</span> <span class='ocrx_word' id='word_1_77' title='bbox 2204 610 2256 636; x_wconf 89' lang='lat' dir='ltr'>set</span> 
     </span>
     <span class='ocr_line' id='line_1_8' title="bbox 420 656 2254 699; baseline 0 -12"><span class='ocrx_word' id='word_1_78' title='bbox 420 667 482 697; x_wconf 87' lang='lat' dir='ltr'>per</span> <span class='ocrx_word' id='word_1_79' title='bbox 507 657 682 689; x_wconf 88' lang='lat' dir='ltr'>dominum</span> <span class='ocrx_word' id='word_1_80' title='bbox 707 657 910 690; x_wconf 86' lang='lat' dir='ltr'>Ubertinum</span> <span class='ocrx_word' id='word_1_81' title='bbox 935 657 1129 688; x_wconf 82' lang='lat' dir='ltr'>tresdecim.</span> <span class='ocrx_word' id='word_1_82' title='bbox 1173 656 1276 688; x_wconf 84' lang='lat' dir='ltr'>Unde</span> <span class='ocrx_word' id='word_1_83' title='bbox 1301 657 1421 688; x_wconf 87' lang='lat' dir='ltr'>ultimo</span> <span class='ocrx_word' id='word_1_84' title='bbox 1446 657 1491 688; x_wconf 85' lang='lat' dir='ltr'>ad</span> <span class='ocrx_word' id='word_1_85' title='bbox 1515 656 1582 689; x_wconf 92' lang='lat' dir='ltr'>hoc</span> <span class='ocrx_word' id='word_1_86' title='bbox 1606 662 1744 689; x_wconf 88' lang='lat' dir='ltr'>ventum</span> <span class='ocrx_word' id='word_1_87' title='bbox 1768 664 1819 689; x_wconf 85' lang='lat' dir='ltr'>est</span> <span class='ocrx_word' id='word_1_88' title='bbox 1841 657 2044 694; x_wconf 84' lang='lat' dir='ltr'>severitatis,</span> <span class='ocrx_word' id='word_1_89' title='bbox 2070 658 2162 699; x_wconf 89' lang='lat' dir='ltr'>quod</span> <span class='ocrx_word' id='word_1_90' title='bbox 2186 663 2254 688; x_wconf 91' lang='lat' dir='ltr'>tam</span> 
     </span>
     <span class='ocr_line' id='line_1_9' title="bbox 421 710 2256 753; baseline 0.001 -13"><span class='ocrx_word' id='word_1_91' title='bbox 421 710 578 742; x_wconf 86' lang='lat' dir='ltr'>volentes</span> <span class='ocrx_word' id='word_1_92' title='bbox 600 711 728 742; x_wconf 86' lang='lat' dir='ltr'>intrare</span> <span class='ocrx_word' id='word_1_93' title='bbox 752 722 853 752; x_wconf 80' lang='lat' dir='ltr'>quarn</span> <span class='ocrx_word' id='word_1_94' title='bbox 878 711 970 741; x_wconf 78' lang='lat' dir='ltr'>exire</span> <span class='ocrx_word' id='word_1_95' title='bbox 995 711 1048 740; x_wconf 80' lang='lat' dir='ltr'>vel</span> <span class='ocrx_word' id='word_1_96' title='bbox 1074 710 1206 753; x_wconf 87' lang='lat' dir='ltr'>laqueis</span> <span class='ocrx_word' id='word_1_97' title='bbox 1223 710 1447 748; x_wconf 81' lang='lat' dir='ltr'>necabantur,</span> <span class='ocrx_word' id='word_1_98' title='bbox 1464 711 1519 742; x_wconf 90' lang='lat' dir='ltr'>vel</span> <span class='ocrx_word' id='word_1_99' title='bbox 1537 710 1662 742; x_wconf 90' lang='lat' dir='ltr'>lumine</span> <span class='ocrx_word' id='word_1_100' title='bbox 1679 711 1918 752; x_wconf 84' lang='lat' dir='ltr'>privabantur:</span> <span class='ocrx_word' id='word_1_101' title='bbox 1937 711 2066 742; x_wconf 81' lang='lat' dir='ltr'>femine</span> <span class='ocrx_word' id='word_1_102' title='bbox 2084 716 2195 742; x_wconf 83' lang='lat' dir='ltr'>autem</span> <span class='ocrx_word' id='word_1_103' title='bbox 2213 722 2256 742; x_wconf 81' lang='lat' dir='ltr'>ex</span> 
     </span>
     <span class='ocr_line' id='line_1_10' title="bbox 423 763 1108 795; baseline 0.001 -1"><span class='ocrx_word' id='word_1_104' title='bbox 423 763 513 794; x_wconf 81' lang='lat' dir='ltr'>fame</span> <span class='ocrx_word' id='word_1_105' title='bbox 538 770 703 795; x_wconf 81' lang='lat' dir='ltr'>exeuntes</span> <span class='ocrx_word' id='word_1_106' title='bbox 727 775 828 795; x_wconf 89' lang='lat' dir='ltr'>nasos</span> <span class='ocrx_word' id='word_1_107' title='bbox 853 763 1108 795; x_wconf 87' lang='lat' dir='ltr'>truncabantur.</span> 
     </span>
    </p>
   </div>
   <div class='ocr_carea' id='block_1_3' title="bbox 420 869 2321 1178">
    <p class='ocr_par' dir='ltr' id='par_1_3' title="bbox 420 869 2321 1178">
     <span class='ocr_line' id='line_1_11' title="bbox 509 869 2320 911; baseline 0.001 -11"><span class='ocrx_word' id='word_1_108' title='bbox 509 869 559 901; x_wconf 87' lang='lat'>55.</span> <span class='ocrx_word' id='word_1_109' title='bbox 585 870 686 911; x_wconf 78' lang='lat'>[159].</span> <span class='ocrx_word' id='word_1_110' title='bbox 711 889 754 893; x_wconf 88' lang='lat'><strong>—</strong></span> <span class='ocrx_word' id='word_1_111' title='bbox 777 870 886 910; x_wconf 81' lang='lat' dir='ltr'>[P]0st</span> <span class='ocrx_word' id='word_1_112' title='bbox 909 869 1090 911; x_wconf 86' lang='lat' dir='ltr'>predicta¹</span> <span class='ocrx_word' id='word_1_113' title='bbox 1117 870 1277 901; x_wconf 86' lang='lat' dir='ltr'>dominus</span> <span class='ocrx_word' id='word_1_114' title='bbox 1296 869 1418 901; x_wconf 88' lang='lat' dir='ltr'>Petrus</span> <span class='ocrx_word' id='word_1_115' title='bbox 1442 870 1485 901; x_wconf 89' lang='lat' dir='ltr'>de</span> <span class='ocrx_word' id='word_1_116' title='bbox 1510 869 1637 901; x_wconf 89' lang='lat' dir='ltr'>Verme</span> <span class='ocrx_word' id='word_1_117' title='bbox 1662 869 1694 900; x_wconf 92' lang='lat' dir='ltr'>in</span> <span class='ocrx_word' id='word_1_118' title='bbox 1719 877 1833 902; x_wconf 85' lang='lat' dir='ltr'>castro</span> <span class='ocrx_word' id='word_1_119' title='bbox 1851 871 2089 903; x_wconf 84' lang='lat' dir='ltr'>Montissilicis</span> <span class='ocrx_word' id='word_1_120' title='bbox 2104 870 2255 902; x_wconf 85' lang='lat' dir='ltr'>inclusus</span> <span class='ocrx_word' id='word_1_121' title='bbox 2283 872 2320 902; x_wconf 89' lang='lat'>10</span> 
     </span>
     <span class='ocr_line' id='line_1_12' title="bbox 421 923 2256 965; baseline 0.001 -12"><span class='ocrx_word' id='word_1_122' title='bbox 421 928 490 953; x_wconf 89' lang='lat' dir='ltr'>tres</span> <span class='ocrx_word' id='word_1_123' title='bbox 513 923 604 954; x_wconf 83' lang='lat' dir='ltr'>misit</span> <span class='ocrx_word' id='word_1_124' title='bbox 627 933 669 954; x_wconf 81' lang='lat' dir='ltr'>cx</span> <span class='ocrx_word' id='word_1_125' title='bbox 692 925 760 955; x_wconf 88' lang='lat' dir='ltr'>suis</span> <span class='ocrx_word' id='word_1_126' title='bbox 783 923 874 954; x_wconf 88' lang='lat' dir='ltr'>viros</span> <span class='ocrx_word' id='word_1_127' title='bbox 896 923 1140 955; x_wconf 85' lang='lat' dir='ltr'>audacissimos</span> <span class='ocrx_word' id='word_1_128' title='bbox 1163 934 1182 953; x_wconf 88' lang='lat' dir='ltr'>a</span> <span class='ocrx_word' id='word_1_129' title='bbox 1206 923 1346 954; x_wconf 86' lang='lat' dir='ltr'>domino</span> <span class='ocrx_word' id='word_1_130' title='bbox 1370 923 1519 954; x_wconf 87' lang='lat' dir='ltr'>Mastino</span> <span class='ocrx_word' id='word_1_131' title='bbox 1545 923 1706 955; x_wconf 82' lang='lat' dir='ltr'>auxilium</span> <span class='ocrx_word' id='word_1_132' title='bbox 1732 923 1983 965; x_wconf 82' lang='lat' dir='ltr'>imploraturos.</span> <span class='ocrx_word' id='word_1_133' title='bbox 2029 923 2074 954; x_wconf 90' lang='lat' dir='ltr'>Hi</span> <span class='ocrx_word' id='word_1_134' title='bbox 2097 924 2187 965; x_wconf 88' lang='lat' dir='ltr'>capti</span> <span class='ocrx_word' id='word_1_135' title='bbox 2211 924 2256 954; x_wconf 90' lang='lat' dir='ltr'>ad</span> 
     </span>
     <span class='ocr_line' id='line_1_13' title="bbox 420 976 2258 1020; baseline 0.001 -14"><span class='ocrx_word' id='word_1_136' title='bbox 420 976 539 1007; x_wconf 87' lang='lat' dir='ltr'>turrim</span> <span class='ocrx_word' id='word_1_137' title='bbox 565 977 607 1008; x_wconf 87' lang='lat' dir='ltr'>de</span> <span class='ocrx_word' id='word_1_138' title='bbox 632 977 800 1020; x_wconf 64' lang='lat' dir='ltr'>Cignana,</span> <span class='ocrx_word' id='word_1_139' title='bbox 824 987 902 1018; x_wconf 82' lang='lat' dir='ltr'>que,</span> <span class='ocrx_word' id='word_1_140' title='bbox 925 977 1009 1018; x_wconf 87' lang='lat' dir='ltr'>ipsis</span> <span class='ocrx_word' id='word_1_141' title='bbox 1033 976 1161 1014; x_wconf 86' lang='lat' dir='ltr'>insciis,</span> <span class='ocrx_word' id='word_1_142' title='bbox 1185 976 1229 1007; x_wconf 92' lang='lat' dir='ltr'>ad</span> <span class='ocrx_word' id='word_1_143' title='bbox 1252 976 1412 1008; x_wconf 82' lang='lat' dir='ltr'>mandata</span> <span class='ocrx_word' id='word_1_144' title='bbox 1437 983 1510 1008; x_wconf 88' lang='lat' dir='ltr'>erat</span> <span class='ocrx_word' id='word_1_145' title='bbox 1534 976 1665 1008; x_wconf 90' lang='lat' dir='ltr'>domini</span> <span class='ocrx_word' id='word_1_146' title='bbox 1690 977 1861 1017; x_wconf 89' lang='lat' dir='ltr'>Ubertini‚</span> <span class='ocrx_word' id='word_1_147' title='bbox 1885 977 2116 1019; x_wconf 87' lang='lat' dir='ltr'>indigenciam</span> <span class='ocrx_word' id='word_1_148' title='bbox 2134 987 2258 1017; x_wconf 87' lang='lat' dir='ltr'>propa-</span> 
     </span>
     <span class='ocr_line' id='line_1_14' title="bbox 420 1029 2258 1071; baseline 0.001 -12"><span class='ocrx_word' id='word_1_149' title='bbox 420 1029 492 1060; x_wconf 83' lang='lat' dir='ltr'>lant</span> <span class='ocrx_word' id='word_1_150' title='bbox 515 1029 787 1061; x_wconf 88' lang='lat' dir='ltr'>intrinsecorum.</span> <span class='ocrx_word' id='word_1_151' title='bbox 836 1029 970 1067; x_wconf 87' lang='lat' dir='ltr'>Quibus</span> <span class='ocrx_word' id='word_1_152' title='bbox 986 1030 1079 1061; x_wconf 90' lang='lat' dir='ltr'>illico</span> <span class='ocrx_word' id='word_1_153' title='bbox 1095 1029 1277 1070; x_wconf 87' lang='lat' dir='ltr'>suspensis,</span> <span class='ocrx_word' id='word_1_154' title='bbox 1294 1029 1496 1071; x_wconf 80' lang='lat' dir='ltr'>magnificus</span> <span class='ocrx_word' id='word_1_155' title='bbox 1514 1030 1671 1061; x_wconf 90' lang='lat' dir='ltr'>dominus</span> <span class='ocrx_word' id='word_1_156' title='bbox 1689 1029 1875 1062; x_wconf 89' lang='lat' dir='ltr'>Ubertinus</span> <span class='ocrx_word' id='word_1_157' title='bbox 1891 1030 2040 1062; x_wconf 82' lang='lat' dir='ltr'>stn&#39;ctius</span> <span class='ocrx_word' id='word_1_158' title='bbox 2055 1030 2258 1061; x_wconf 86' lang='lat' dir='ltr'>intrinsecos</span> 
     </span>
     <span class='ocr_line' id='line_1_15' title="bbox 421 1082 2258 1125; baseline 0.001 -13"><span class='ocrx_word' id='word_1_159' title='bbox 421 1082 577 1119; x_wconf 90' lang='lat' dir='ltr'>includit,</span> <span class='ocrx_word' id='word_1_160' title='bbox 599 1083 667 1124; x_wconf 92' lang='lat' dir='ltr'>qui,</span> <span class='ocrx_word' id='word_1_161' title='bbox 692 1083 786 1124; x_wconf 83' lang='lat' dir='ltr'>quasi</span> <span class='ocrx_word' id='word_1_162' title='bbox 811 1083 976 1120; x_wconf 83' lang='lat' dir='ltr'>destituti,</span> <span class='ocrx_word' id='word_1_163' title='bbox 1002 1084 1042 1113; x_wconf 84' lang='lat' dir='ltr'>de</span> <span class='ocrx_word' id='word_1_164' title='bbox 1068 1082 1160 1114; x_wconf 88' lang='lat' dir='ltr'>omni</span> <span class='ocrx_word' id='word_1_165' title='bbox 1178 1092 1198 1112; x_wconf 92' lang='lat' dir='ltr'>a</span> <span class='ocrx_word' id='word_1_166' title='bbox 1213 1082 1316 1113; x_wconf 90' lang='lat' dir='ltr'>modo</span> <span class='ocrx_word' id='word_1_167' title='bbox 1341 1083 1564 1124; x_wconf 73' lang='lat' dir='ltr'>desperantes</span> <span class='ocrx_word' id='word_1_168' title='bbox 1582 1083 1719 1120; x_wconf 79' lang='lat' dir='ltr'>auxilio,</span> <span class='ocrx_word' id='word_1_169' title='bbox 1744 1093 1864 1123; x_wconf 87' lang='lat' dir='ltr'>pacem</span> <span class='ocrx_word' id='word_1_170' title='bbox 1883 1089 2040 1125; x_wconf 88' lang='lat' dir='ltr'>querunt.</span> <span class='ocrx_word' id='word_1_171' title='bbox 2072 1083 2115 1114; x_wconf 89' lang='lat' dir='ltr'>Et</span> <span class='ocrx_word' id='word_1_172' title='bbox 2132 1083 2182 1114; x_wconf 89' lang='lat' dir='ltr'>sic</span> <span class='ocrx_word' id='word_1_173' title='bbox 2199 1082 2258 1114; x_wconf 88' lang='lat' dir='ltr'>die</span> 
     </span>
     <span class='ocr_line' id='line_1_16' title="bbox 422 1135 2321 1178; baseline 0.001 -13"><span class='ocrx_word' id='word_1_174' title='bbox 422 1144 528 1166; x_wconf 80' lang='lat' dir='ltr'>xvnn</span> <span class='ocrx_word' id='word_1_175' title='bbox 552 1136 626 1167; x_wconf 88' lang='lat' dir='ltr'>iulii</span> <span class='ocrx_word' id='word_1_176' title='bbox 648 1135 968 1168; x_wconf 89' lang='lat' dir='ltr'>MCCCXXXVIII</span> <span class='ocrx_word' id='word_1_177' title='bbox 991 1135 1167 1167; x_wconf 87' lang='lat' dir='ltr'>intrinseci</span> <span class='ocrx_word' id='word_1_178' title='bbox 1191 1145 1268 1166; x_wconf 88' lang='lat' dir='ltr'>cum</span> <span class='ocrx_word' id='word_1_179' title='bbox 1293 1135 1495 1167; x_wconf 79' lang='lat' dir='ltr'>extrinsecis</span> <span class='ocrx_word' id='word_1_180' title='bbox 1519 1136 1728 1178; x_wconf 89' lang='lat' dir='ltr'>colloquium</span> <span class='ocrx_word' id='word_1_181' title='bbox 1752 1136 1955 1167; x_wconf 81' lang='lat' dir='ltr'>habuerunt.</span> <span class='ocrx_word' id='word_1_182' title='bbox 2283 1136 2321 1166; x_wconf 90' lang='lat'>15</span> 
     </span>
    </p>
   </div>
   <div class='ocr_carea' id='block_1_4' title="bbox 421 1241 2257 1389">
    <p class='ocr_par' dir='ltr' id='par_1_4' title="bbox 421 1241 2257 1389">
     <span class='ocr_line' id='line_1_17' title="bbox 509 1241 2257 1283; baseline 0.001 -11"><span class='ocrx_word' id='word_1_183' title='bbox 509 1242 559 1273; x_wconf 74' lang='lat'>56.</span> <span class='ocrx_word' id='word_1_184' title='bbox 585 1241 686 1283; x_wconf 56' lang='lat'>[100]</span> <span class='ocrx_word' id='word_1_185' title='bbox 712 1260 755 1264; x_wconf 91' lang='lat'><strong>—</strong></span> <span class='ocrx_word' id='word_1_186' title='bbox 777 1242 935 1283; x_wconf 85' lang='lat' dir='ltr'>[E]odem</span> <span class='ocrx_word' id='word_1_187' title='bbox 960 1253 1077 1273; x_wconf 86' lang='lat' dir='ltr'>mense</span> <span class='ocrx_word' id='word_1_188' title='bbox 1101 1241 1183 1278; x_wconf 91' lang='lat' dir='ltr'>iulii,</span> <span class='ocrx_word' id='word_1_189' title='bbox 1207 1241 1371 1273; x_wconf 88' lang='lat' dir='ltr'>Veneciis</span> <span class='ocrx_word' id='word_1_190' title='bbox 1395 1248 1631 1273; x_wconf 83' lang='lat' dir='ltr'>convenerunt</span> <span class='ocrx_word' id='word_1_191' title='bbox 1653 1252 1715 1283; x_wconf 87' lang='lat' dir='ltr'>pro</span> <span class='ocrx_word' id='word_1_192' title='bbox 1732 1252 1818 1283; x_wconf 89' lang='lat' dir='ltr'>pace</span> <span class='ocrx_word' id='word_1_193' title='bbox 1841 1242 2023 1274; x_wconf 86' lang='lat' dir='ltr'>tractanda</span> <span class='ocrx_word' id='word_1_194' title='bbox 2047 1241 2257 1274; x_wconf 85' lang='lat' dir='ltr'>ambaxiato-</span> 
     </span>
     <span class='ocr_line' id='line_1_18' title="bbox 421 1294 2257 1338; baseline 0.001 -14"><span class='ocrx_word' id='word_1_195' title='bbox 421 1304 477 1325; x_wconf 90' lang='lat' dir='ltr'>res</span> <span class='ocrx_word' id='word_1_196' title='bbox 501 1295 674 1336; x_wconf 82' lang='lat' dir='ltr'>magnifici</span> <span class='ocrx_word' id='word_1_197' title='bbox 699 1295 827 1326; x_wconf 90' lang='lat' dir='ltr'>domini</span> <span class='ocrx_word' id='word_1_198' title='bbox 852 1295 1024 1331; x_wconf 81' lang='lat' dir='ltr'>Ubertini,</span> <span class='ocrx_word' id='word_1_199' title='bbox 1049 1295 1177 1326; x_wconf 85' lang='lat' dir='ltr'>domini</span> <span class='ocrx_word' id='word_1_200' title='bbox 1201 1295 1341 1326; x_wconf 84' lang='lat' dir='ltr'>Mastini</span> <span class='ocrx_word' id='word_1_201' title='bbox 1375 1301 1409 1326; x_wconf 91' lang='lat' dir='ltr'>et</span> <span class='ocrx_word' id='word_1_202' title='bbox 1435 1294 1546 1326; x_wconf 89' lang='lat' dir='ltr'>tocius</span> <span class='ocrx_word' id='word_1_203' title='bbox 1569 1294 1789 1333; x_wconf 84' lang='lat' dir='ltr'>Lombardie,</span> <span class='ocrx_word' id='word_1_204' title='bbox 1812 1295 1902 1326; x_wconf 91' lang='lat' dir='ltr'>inter</span> <span class='ocrx_word' id='word_1_205' title='bbox 1925 1305 2012 1337; x_wconf 85' lang='lat' dir='ltr'>quos</span> <span class='ocrx_word' id='word_1_206' title='bbox 2042 1295 2156 1326; x_wconf 85' lang='lat' dir='ltr'>multis</span> <span class='ocrx_word' id='word_1_207' title='bbox 2186 1295 2257 1338; x_wconf 87' lang='lat' dir='ltr'>agi-</span> 
     </span>
     <span class='ocr_line' id='line_1_19' title="bbox 423 1347 1764 1389; baseline 0.001 -11"><span class='ocrx_word' id='word_1_208' title='bbox 423 1347 511 1385; x_wconf 87' lang='lat' dir='ltr'>tatis,</span> <span class='ocrx_word' id='word_1_209' title='bbox 536 1348 693 1379; x_wconf 90' lang='lat' dir='ltr'>dominus</span> <span class='ocrx_word' id='word_1_210' title='bbox 720 1347 889 1380; x_wconf 88' lang='lat' dir='ltr'>Mastinus</span> <span class='ocrx_word' id='word_1_211' title='bbox 914 1348 1059 1379; x_wconf 86' lang='lat' dir='ltr'>finaliter</span> <span class='ocrx_word' id='word_1_212' title='bbox 1082 1348 1161 1389; x_wconf 82' lang='lat' dir='ltr'>paci</span> <span class='ocrx_word' id='word_1_213' title='bbox 1185 1347 1298 1379; x_wconf 88' lang='lat' dir='ltr'>renuit</span> <span class='ocrx_word' id='word_1_214' title='bbox 1323 1347 1590 1379; x_wconf 88' lang='lat' dir='ltr'>condicionibus</span> <span class='ocrx_word' id='word_1_215' title='bbox 1614 1347 1728 1388; x_wconf 86' lang='lat' dir='ltr'>petitis</span> <span class='ocrx_word' id='word_1_216' title='bbox 1741 1347 1764 1378; x_wconf 82' lang='lat'>².</span> 
     </span>
    </p>
   </div>
   <div class='ocr_carea' id='block_1_5' title="bbox 419 1452 2322 1867">
    <p class='ocr_par' dir='ltr' id='par_1_5' title="bbox 419 1452 2322 1867">
     <span class='ocr_line' id='line_1_20' title="bbox 511 1452 2256 1495; baseline 0.001 -12"><span class='ocrx_word' id='word_1_217' title='bbox 511 1453 561 1486; x_wconf 84' lang='lat'>57.</span> <span class='ocrx_word' id='word_1_218' title='bbox 587 1453 929 1495; x_wconf 53' lang='lat' dir='ltr'>[161].›-[1]nterim</span> <span class='ocrx_word' id='word_1_219' title='bbox 954 1454 1078 1485; x_wconf 90' lang='lat' dir='ltr'>inclusi</span> <span class='ocrx_word' id='word_1_220' title='bbox 1094 1454 1129 1484; x_wconf 94' lang='lat' dir='ltr'>in</span> <span class='ocrx_word' id='word_1_221' title='bbox 1146 1453 1363 1485; x_wconf 85' lang='lat' dir='ltr'>Montesilice</span> <span class='ocrx_word' id='word_1_222' title='bbox 1376 1452 1398 1490; x_wconf 69' lang='lat'>³,</span> <span class='ocrx_word' id='word_1_223' title='bbox 1423 1453 1622 1485; x_wconf 88' lang='lat' dir='ltr'>victualium</span> <span class='ocrx_word' id='word_1_224' title='bbox 1647 1459 1799 1495; x_wconf 83' lang='lat' dir='ltr'>egestate</span> <span class='ocrx_word' id='word_1_225' title='bbox 1823 1453 1990 1495; x_wconf 84' lang='lat' dir='ltr'>conpulsi,</span> <span class='ocrx_word' id='word_1_226' title='bbox 2015 1464 2090 1485; x_wconf 90' lang='lat' dir='ltr'>cum</span> <span class='ocrx_word' id='word_1_227' title='bbox 2117 1453 2256 1486; x_wconf 89' lang='lat' dir='ltr'>domino</span> 
     </span>
     <span class='ocr_line' id='line_1_21' title="bbox 420 1505 2322 1549; baseline 0.001 -12"><span class='ocrx_word' id='word_1_228' title='bbox 420 1505 589 1537; x_wconf 86' lang='lat' dir='ltr'>Ubertino</span> <span class='ocrx_word' id='word_1_229' title='bbox 614 1513 850 1538; x_wconf 82' lang='lat' dir='ltr'>convenerunt</span> <span class='ocrx_word' id='word_1_230' title='bbox 873 1506 937 1537; x_wconf 90' lang='lat' dir='ltr'>sibi</span> <span class='ocrx_word' id='word_1_231' title='bbox 963 1507 1110 1538; x_wconf 83' lang='lat' dir='ltr'>reddere</span> <span class='ocrx_word' id='word_1_232' title='bbox 1135 1507 1278 1549; x_wconf 87' lang='lat' dir='ltr'>burgum</span> <span class='ocrx_word' id='word_1_233' title='bbox 1311 1507 1547 1538; x_wconf 85' lang='lat' dir='ltr'>Montissilicis</span> <span class='ocrx_word' id='word_1_234' title='bbox 1568 1506 1862 1538; x_wconf 90' lang='lat' dir='ltr'>convencionibus</span> <span class='ocrx_word' id='word_1_235' title='bbox 1884 1506 2054 1548; x_wconf 85' lang='lat' dir='ltr'>aliquibus</span> <span class='ocrx_word' id='word_1_236' title='bbox 2077 1513 2111 1538; x_wconf 91' lang='lat' dir='ltr'>et</span> <span class='ocrx_word' id='word_1_237' title='bbox 2133 1507 2256 1539; x_wconf 76' lang='lat' dir='ltr'>federe</span> <span class='ocrx_word' id='word_1_238' title='bbox 2280 1507 2322 1538; x_wconf 85' lang='lat'>20</span> 
     </span>
     <span class='ocr_line' id='line_1_22' title="bbox 419 1559 2254 1601; baseline 0.002 -12"><span class='ocrx_word' id='word_1_239' title='bbox 419 1570 595 1599; x_wconf 85' lang='lat' dir='ltr'>percusso,</span> <span class='ocrx_word' id='word_1_240' title='bbox 619 1559 682 1590; x_wconf 91' lang='lat' dir='ltr'>nisi</span> <span class='ocrx_word' id='word_1_241' title='bbox 705 1560 796 1591; x_wconf 78' lang='lat' dir='ltr'>infra</span> <span class='ocrx_word' id='word_1_242' title='bbox 821 1560 893 1591; x_wconf 85' lang='lat' dir='ltr'>dies</span> <span class='ocrx_word' id='word_1_243' title='bbox 919 1569 970 1591; x_wconf 75' lang='grc' dir='ltr'>ΧΠ</span> <span class='ocrx_word' id='word_1_244' title='bbox 996 1560 1151 1591; x_wconf 84' lang='lat' dir='ltr'>dominus</span> <span class='ocrx_word' id='word_1_245' title='bbox 1168 1559 1335 1591; x_wconf 87' lang='lat' dir='ltr'>Mastinus</span> <span class='ocrx_word' id='word_1_246' title='bbox 1351 1559 1395 1591; x_wconf 91' lang='lat' dir='ltr'>de</span> <span class='ocrx_word' id='word_1_247' title='bbox 1412 1560 1526 1591; x_wconf 89' lang='lat' dir='ltr'>salmis</span> <span class='ocrx_word' id='word_1_248' title='bbox 1543 1566 1680 1591; x_wconf 87' lang='lat' dir='ltr'>centum</span> <span class='ocrx_word' id='word_1_249' title='bbox 1697 1559 1896 1591; x_wconf 86' lang='lat' dir='ltr'>victualium</span> <span class='ocrx_word' id='word_1_250' title='bbox 1914 1560 2095 1601; x_wconf 86' lang='lat' dir='ltr'>provideat</span> <span class='ocrx_word' id='word_1_251' title='bbox 2111 1560 2254 1592; x_wconf 81' lang='lat' dir='ltr'>eisdem:</span> 
     </span>
     <span class='ocr_line' id='line_1_23' title="bbox 420 1613 2257 1655; baseline 0.001 -13"><span class='ocrx_word' id='word_1_252' title='bbox 420 1613 454 1642; x_wconf 89' lang='lat' dir='ltr'>in</span> <span class='ocrx_word' id='word_1_253' title='bbox 491 1623 635 1654; x_wconf 89' lang='lat' dir='ltr'>quorum</span> <span class='ocrx_word' id='word_1_254' title='bbox 670 1614 818 1644; x_wconf 88' lang='lat' dir='ltr'>omnium</span> <span class='ocrx_word' id='word_1_255' title='bbox 852 1613 1008 1644; x_wconf 82' lang='lat' dir='ltr'>firmitate</span> <span class='ocrx_word' id='word_1_256' title='bbox 1038 1613 1080 1644; x_wconf 90' lang='lat' dir='ltr'>ab</span> <span class='ocrx_word' id='word_1_257' title='bbox 1111 1620 1254 1655; x_wconf 85' lang='lat' dir='ltr'>utraque</span> <span class='ocrx_word' id='word_1_258' title='bbox 1286 1620 1384 1655; x_wconf 86' lang='lat' dir='ltr'>parte</span> <span class='ocrx_word' id='word_1_259' title='bbox 1418 1613 1584 1644; x_wconf 87' lang='lat' dir='ltr'>Veneciis</span> <span class='ocrx_word' id='word_1_260' title='bbox 1614 1613 1752 1645; x_wconf 87' lang='lat' dir='ltr'>obsides</span> <span class='ocrx_word' id='word_1_261' title='bbox 1781 1613 1977 1644; x_wconf 86' lang='lat' dir='ltr'>mictuntur.</span> <span class='ocrx_word' id='word_1_262' title='bbox 2024 1613 2085 1645; x_wconf 85' lang='lat' dir='ltr'>Set</span> <span class='ocrx_word' id='word_1_263' title='bbox 2114 1613 2257 1645; x_wconf 89' lang='lat' dir='ltr'>inhabili</span> 
     </span>
     <span class='ocr_line' id='line_1_24' title="bbox 423 1665 2256 1707; baseline 0.001 -12"><span class='ocrx_word' id='word_1_264' title='bbox 423 1666 561 1697; x_wconf 89' lang='lat' dir='ltr'>domino</span> <span class='ocrx_word' id='word_1_265' title='bbox 587 1665 736 1698; x_wconf 84' lang='lat' dir='ltr'>Mastino</span> <span class='ocrx_word' id='word_1_266' title='bbox 760 1673 902 1707; x_wconf 87' lang='lat' dir='ltr'>propter</span> <span class='ocrx_word' id='word_1_267' title='bbox 926 1667 1069 1697; x_wconf 80' lang='lat' dir='ltr'>hostium</span> <span class='ocrx_word' id='word_1_268' title='bbox 1094 1667 1291 1707; x_wconf 82' lang='lat' dir='ltr'>potenciam</span> <span class='ocrx_word' id='word_1_269' title='bbox 1315 1667 1359 1698; x_wconf 90' lang='lat' dir='ltr'>ad</span> <span class='ocrx_word' id='word_1_270' title='bbox 1384 1666 1599 1707; x_wconf 89' lang='lat' dir='ltr'>prebendum</span> <span class='ocrx_word' id='word_1_271' title='bbox 1623 1676 1821 1697; x_wconf 85' lang='lat' dir='ltr'>succursum</span> <span class='ocrx_word' id='word_1_272' title='bbox 1852 1666 1920 1698; x_wconf 85' lang='lat' dir='ltr'>suis</span> <span class='ocrx_word' id='word_1_273' title='bbox 1950 1667 1993 1697; x_wconf 89' lang='lat' dir='ltr'>de</span> <span class='ocrx_word' id='word_1_274' title='bbox 2024 1666 2256 1704; x_wconf 68' lang='lat' dir='ltr'>Montesilice¹¹</span> 
     </span>
     <span class='ocr_line' id='line_1_25' title="bbox 422 1718 2256 1762; baseline 0.002 -14"><span class='ocrx_word' id='word_1_275' title='bbox 422 1718 539 1759; x_wconf 89' lang='lat' dir='ltr'>elapso</span> <span class='ocrx_word' id='word_1_276' title='bbox 565 1719 710 1750; x_wconf 89' lang='lat' dir='ltr'>termino</span> <span class='ocrx_word' id='word_1_277' title='bbox 744 1721 940 1757; x_wconf 84' lang='lat' dir='ltr'>constituto,</span> <span class='ocrx_word' id='word_1_278' title='bbox 965 1720 1020 1750; x_wconf 85' lang='lat' dir='ltr'>die</span> <span class='ocrx_word' id='word_1_279' title='bbox 1047 1729 1153 1750; x_wconf 66' lang='lat' dir='ltr'>xx‘1111</span> <span class='ocrx_word' id='word_1_280' title='bbox 1178 1722 1322 1762; x_wconf 80' lang='lat' dir='ltr'>augusti,</span> <span class='ocrx_word' id='word_1_281' title='bbox 1346 1719 1381 1750; x_wconf 89' lang='lat' dir='ltr'>in</span> <span class='ocrx_word' id='word_1_282' title='bbox 1405 1720 1461 1751; x_wconf 81' lang='lat' dir='ltr'>die</span> <span class='ocrx_word' id='word_1_283' title='bbox 1487 1719 1579 1751; x_wconf 88' lang='lat' dir='ltr'>beati</span> <span class='ocrx_word' id='word_1_284' title='bbox 1605 1718 1787 1756; x_wconf 89' lang='lat' dir='ltr'>Ludovici‚</span> <span class='ocrx_word' id='word_1_285' title='bbox 1810 1719 1968 1760; x_wconf 85' lang='lat' dir='ltr'>predicta</span> <span class='ocrx_word' id='word_1_286' title='bbox 1992 1725 2085 1750; x_wconf 89' lang='lat' dir='ltr'>terra</span> <span class='ocrx_word' id='word_1_287' title='bbox 2114 1719 2256 1751; x_wconf 82' lang='lat' dir='ltr'>Montis-</span> 
     </span>
     <span class='ocr_line' id='line_1_26' title="bbox 419 1771 2320 1815; baseline 0.001 -12"><span class='ocrx_word' id='word_1_288' title='bbox 419 1771 527 1803; x_wconf 86' lang='lat' dir='ltr'>silicis</span> <span class='ocrx_word' id='word_1_289' title='bbox 550 1772 688 1804; x_wconf 90' lang='lat' dir='ltr'>domino</span> <span class='ocrx_word' id='word_1_290' title='bbox 712 1772 882 1804; x_wconf 89' lang='lat' dir='ltr'>Ubertino</span> <span class='ocrx_word' id='word_1_291' title='bbox 906 1773 1127 1814; x_wconf 66' lang='lat' dir='ltr'>consignatur</span> <span class='ocrx_word' id='word_1_292' title='bbox 1151 1783 1228 1804; x_wconf 92' lang='lat' dir='ltr'>cum</span> <span class='ocrx_word' id='word_1_293' title='bbox 1253 1772 1367 1804; x_wconf 90' lang='lat' dir='ltr'>leticia</span> <span class='ocrx_word' id='word_1_294' title='bbox 1390 1782 1513 1815; x_wconf 87' lang='lat' dir='ltr'>magna</span> <span class='ocrx_word' id='word_1_295' title='bbox 1538 1773 1685 1804; x_wconf 88' lang='lat' dir='ltr'>civitatis</span> <span class='ocrx_word' id='word_1_296' title='bbox 1707 1771 1826 1804; x_wconf 89' lang='lat' dir='ltr'>Padue</span> <span class='ocrx_word' id='word_1_297' title='bbox 1851 1778 1885 1804; x_wconf 86' lang='lat' dir='ltr'>et</span> <span class='ocrx_word' id='word_1_298' title='bbox 1916 1783 1993 1804; x_wconf 90' lang='lat' dir='ltr'>cum</span> <span class='ocrx_word' id='word_1_299' title='bbox 2024 1773 2173 1804; x_wconf 84' lang='lat' dir='ltr'>omnium</span> <span class='ocrx_word' id='word_1_300' title='bbox 2207 1773 2257 1804; x_wconf 93' lang='lat' dir='ltr'>ci-</span> <span class='ocrx_word' id='word_1_301' title='bbox 2280 1772 2320 1804; x_wconf 90' lang='lat'>25</span> 
     </span>
     <span class='ocr_line' id='line_1_27' title="bbox 422 1824 934 1867; baseline 0.006 -12"><span class='ocrx_word' id='word_1_302' title='bbox 422 1824 515 1855; x_wconf 86' lang='lat' dir='ltr'>vium</span> <span class='ocrx_word' id='word_1_303' title='bbox 539 1826 666 1867; x_wconf 87' lang='lat' dir='ltr'>gaudio</span> <span class='ocrx_word' id='word_1_304' title='bbox 691 1826 934 1866; x_wconf 89' lang='lat' dir='ltr'>perimmenso.</span> 
     </span>
    </p>
   </div>
   <div class='ocr_carea' id='block_1_6' title="bbox 420 1931 2322 2503">
    <p class='ocr_par' dir='ltr' id='par_1_6' title="bbox 420 1931 2322 2503">
     <span class='ocr_line' id='line_1_28' title="bbox 508 1931 2257 1974; baseline 0.001 -12"><span class='ocrx_word' id='word_1_305' title='bbox 508 1932 558 1962; x_wconf 81' lang='lat'>58.</span> <span class='ocrx_word' id='word_1_306' title='bbox 583 1931 684 1972; x_wconf 71' lang='lat'>[162].</span> <span class='ocrx_word' id='word_1_307' title='bbox 706 1950 741 1953; x_wconf 60' lang='lat'>&gt;—</span> <span class='ocrx_word' id='word_1_308' title='bbox 760 1932 867 1973; x_wconf 86' lang='lat' dir='ltr'>[P]ost</span> <span class='ocrx_word' id='word_1_309' title='bbox 891 1933 1139 1964; x_wconf 86' lang='lat' dir='ltr'>liberacionem</span> <span class='ocrx_word' id='word_1_310' title='bbox 1157 1939 1246 1964; x_wconf 84' lang='lat' dir='ltr'>terre</span> <span class='ocrx_word' id='word_1_311' title='bbox 1271 1931 1533 1964; x_wconf 86' lang='lat' dir='ltr'>Montissilicis⁴</span> <span class='ocrx_word' id='word_1_312' title='bbox 1557 1933 1599 1963; x_wconf 89' lang='lat' dir='ltr'>de</span> <span class='ocrx_word' id='word_1_313' title='bbox 1623 1931 1780 1963; x_wconf 85' lang='lat' dir='ltr'>manibus</span> <span class='ocrx_word' id='word_1_314' title='bbox 1805 1932 1932 1963; x_wconf 90' lang='lat' dir='ltr'>domini</span> <span class='ocrx_word' id='word_1_315' title='bbox 1951 1932 2101 1970; x_wconf 69' lang='lat' dir='ltr'>Mastitai,</span> <span class='ocrx_word' id='word_1_316' title='bbox 2119 1932 2257 1974; x_wconf 89' lang='lat' dir='ltr'>quidam</span> 
     </span>
     <span class='ocr_line' id='line_1_29' title="bbox 420 1984 2258 2027; baseline 0 -11"><span class='ocrx_word' id='word_1_317' title='bbox 420 1985 580 2017; x_wconf 88' lang='lat' dir='ltr'>Florinus</span> <span class='ocrx_word' id='word_1_318' title='bbox 604 1985 647 2016; x_wconf 90' lang='lat' dir='ltr'>de</span> <span class='ocrx_word' id='word_1_319' title='bbox 672 1984 778 2023; x_wconf 84' lang='lat' dir='ltr'>Luca,</span> <span class='ocrx_word' id='word_1_320' title='bbox 801 1996 863 2026; x_wconf 85' lang='lat' dir='ltr'>pro</span> <span class='ocrx_word' id='word_1_321' title='bbox 889 1986 1030 2017; x_wconf 87' lang='lat' dir='ltr'>domino</span> <span class='ocrx_word' id='word_1_322' title='bbox 1054 1985 1202 2017; x_wconf 87' lang='lat' dir='ltr'>Mastino</span> <span class='ocrx_word' id='word_1_323' title='bbox 1227 1986 1437 2027; x_wconf 80' lang='lat' dir='ltr'>capitaneus,</span> <span class='ocrx_word' id='word_1_324' title='bbox 1462 1986 1624 2017; x_wconf 86' lang='lat' dir='ltr'>remansit</span> <span class='ocrx_word' id='word_1_325' title='bbox 1646 1986 1681 2016; x_wconf 92' lang='lat' dir='ltr'>in</span> <span class='ocrx_word' id='word_1_326' title='bbox 1705 1985 1812 2017; x_wconf 91' lang='lat' dir='ltr'>rocha</span> <span class='ocrx_word' id='word_1_327' title='bbox 1835 1985 1926 2016; x_wconf 87' lang='lat' dir='ltr'>dicte</span> <span class='ocrx_word' id='word_1_328' title='bbox 1953 1991 2060 2016; x_wconf 84' lang='lat' dir='ltr'>terre:</span> <span class='ocrx_word' id='word_1_329' title='bbox 2093 1985 2151 2027; x_wconf 88' lang='lat' dir='ltr'>qui</span> <span class='ocrx_word' id='word_1_330' title='bbox 2176 1995 2258 2017; x_wconf 92' lang='lat' dir='ltr'>con-</span> 
     </span>
     <span class='ocr_line' id='line_1_30' title="bbox 421 2037 2258 2081; baseline 0 -12"><span class='ocrx_word' id='word_1_331' title='bbox 421 2038 516 2069; x_wconf 90' lang='lat' dir='ltr'>tinuo</span> <span class='ocrx_word' id='word_1_332' title='bbox 540 2038 708 2069; x_wconf 87' lang='lat' dir='ltr'>machinis</span> <span class='ocrx_word' id='word_1_333' title='bbox 734 2044 766 2069; x_wconf 87' lang='lat' dir='ltr'>et</span> <span class='ocrx_word' id='word_1_334' title='bbox 791 2038 921 2070; x_wconf 86' lang='lat' dir='ltr'>balistis</span> <span class='ocrx_word' id='word_1_335' title='bbox 945 2039 1134 2081; x_wconf 73' lang='lat' dir='ltr'>burgenses</span> <span class='ocrx_word' id='word_1_336' title='bbox 1158 2039 1369 2070; x_wconf 85' lang='lat' dir='ltr'>molestabat.</span> <span class='ocrx_word' id='word_1_337' title='bbox 1416 2039 1469 2069; x_wconf 82' lang='lat' dir='ltr'>Ex</span> <span class='ocrx_word' id='word_1_338' title='bbox 1493 2048 1562 2080; x_wconf 90' lang='lat' dir='ltr'>quo</span> <span class='ocrx_word' id='word_1_339' title='bbox 1585 2038 1742 2070; x_wconf 88' lang='lat' dir='ltr'>dominus</span> <span class='ocrx_word' id='word_1_340' title='bbox 1766 2038 1954 2070; x_wconf 88' lang='lat' dir='ltr'>Ubertinus</span> <span class='ocrx_word' id='word_1_341' title='bbox 1970 2038 2078 2078; x_wconf 89' lang='lat' dir='ltr'>ipsum</span> <span class='ocrx_word' id='word_1_342' title='bbox 2097 2049 2173 2069; x_wconf 92' lang='lat' dir='ltr'>cum</span> <span class='ocrx_word' id='word_1_343' title='bbox 2190 2037 2258 2070; x_wconf 87' lang='lat' dir='ltr'>suis</span> 
     </span>
     <span class='ocr_line' id='line_1_31' title="bbox 422 2090 2322 2133; baseline 0.001 -12"><span class='ocrx_word' id='word_1_344' title='bbox 422 2091 549 2122; x_wconf 87' lang='lat' dir='ltr'>arctius</span> <span class='ocrx_word' id='word_1_345' title='bbox 573 2090 711 2121; x_wconf 89' lang='lat' dir='ltr'>inclusit</span> <span class='ocrx_word' id='word_1_346' title='bbox 736 2097 973 2133; x_wconf 87' lang='lat' dir='ltr'>portatamque</span> <span class='ocrx_word' id='word_1_347' title='bbox 998 2091 1041 2122; x_wconf 85' lang='lat' dir='ltr'>de</span> <span class='ocrx_word' id='word_1_348' title='bbox 1066 2091 1231 2122; x_wconf 87' lang='lat' dir='ltr'>Veneciis</span> <span class='ocrx_word' id='word_1_349' title='bbox 1255 2091 1448 2122; x_wconf 84' lang='lat' dir='ltr'>machinam</span> <span class='ocrx_word' id='word_1_350' title='bbox 1473 2091 1718 2132; x_wconf 81' lang='lat' dir='ltr'>permaximam</span> <span class='ocrx_word' id='word_1_351' title='bbox 1737 2091 1834 2122; x_wconf 80' lang='lat' dir='ltr'>iussit</span> <span class='ocrx_word' id='word_1_352' title='bbox 1859 2091 1946 2133; x_wconf 86' lang='lat' dir='ltr'>erigi</span> <span class='ocrx_word' id='word_1_353' title='bbox 1964 2096 2083 2122; x_wconf 91' lang='lat' dir='ltr'>contra</span> <span class='ocrx_word' id='word_1_354' title='bbox 2104 2091 2256 2123; x_wconf 90' lang='lat' dir='ltr'>rocham.</span> <span class='ocrx_word' id='word_1_355' title='bbox 2280 2091 2322 2123; x_wconf 88' lang='grc'>30</span> 
     </span>
     <span class='ocr_line' id='line_1_32' title="bbox 422 2143 2258 2185; baseline 0 -10"><span class='ocrx_word' id='word_1_356' title='bbox 422 2145 556 2175; x_wconf 87' lang='lat' dir='ltr'>Deinde</span> <span class='ocrx_word' id='word_1_357' title='bbox 581 2144 691 2175; x_wconf 84' lang='lat' dir='ltr'>dictus</span> <span class='ocrx_word' id='word_1_358' title='bbox 718 2145 886 2181; x_wconf 84' lang='lat' dir='ltr'>Florinus‚</span> <span class='ocrx_word' id='word_1_359' title='bbox 912 2156 930 2175; x_wconf 89' lang='lat' dir='ltr'>a</span> <span class='ocrx_word' id='word_1_360' title='bbox 955 2145 1114 2185; x_wconf 87' lang='lat' dir='ltr'>predicto</span> <span class='ocrx_word' id='word_1_361' title='bbox 1140 2145 1280 2176; x_wconf 90' lang='lat' dir='ltr'>domino</span> <span class='ocrx_word' id='word_1_362' title='bbox 1307 2144 1474 2175; x_wconf 85' lang='lat' dir='ltr'>Ubertino</span> <span class='ocrx_word' id='word_1_363' title='bbox 1498 2143 1660 2185; x_wconf 87' lang='lat' dir='ltr'>precibus</span> <span class='ocrx_word' id='word_1_364' title='bbox 1685 2149 1718 2175; x_wconf 86' lang='lat' dir='ltr'>et</span> <span class='ocrx_word' id='word_1_365' title='bbox 1749 2143 1868 2184; x_wconf 86' lang='lat' dir='ltr'>precio</span> <span class='ocrx_word' id='word_1_366' title='bbox 1900 2143 2094 2185; x_wconf 84' lang='lat' dir='ltr'>requisitus,</span> <span class='ocrx_word' id='word_1_367' title='bbox 2117 2144 2258 2176; x_wconf 89' lang='lat' dir='ltr'>rocham</span> 
     </span>
     <span class='ocr_line' id='line_1_33' title="bbox 422 2196 2257 2239; baseline 0.001 -12"><span class='ocrx_word' id='word_1_368' title='bbox 422 2198 561 2228; x_wconf 85' lang='lat' dir='ltr'>tradere</span> <span class='ocrx_word' id='word_1_369' title='bbox 583 2198 771 2231; x_wconf 84' lang='lat' dir='ltr'>recusavit;</span> <span class='ocrx_word' id='word_1_370' title='bbox 797 2198 887 2228; x_wconf 90' lang='lat' dir='ltr'>unde</span> <span class='ocrx_word' id='word_1_371' title='bbox 919 2198 991 2228; x_wconf 85' lang='lat' dir='ltr'>eius</span> <span class='ocrx_word' id='word_1_372' title='bbox 1022 2208 1131 2239; x_wconf 88' lang='lat' dir='ltr'>nepos</span> <span class='ocrx_word' id='word_1_373' title='bbox 1157 2208 1177 2228; x_wconf 90' lang='lat' dir='ltr'>a</span> <span class='ocrx_word' id='word_1_374' title='bbox 1208 2197 1436 2239; x_wconf 77' lang='lat' dir='ltr'>burgensibus</span> <span class='ocrx_word' id='word_1_375' title='bbox 1467 2204 1589 2238; x_wconf 89' lang='lat' dir='ltr'>captus</span> <span class='ocrx_word' id='word_1_376' title='bbox 1620 2207 1736 2227; x_wconf 84' lang='lat' dir='ltr'>coram</span> <span class='ocrx_word' id='word_1_377' title='bbox 1761 2198 1836 2238; x_wconf 90' lang='lat' dir='ltr'>ipso</span> <span class='ocrx_word' id='word_1_378' title='bbox 1864 2196 2000 2228; x_wconf 88' lang='lat' dir='ltr'>Florino</span> <span class='ocrx_word' id='word_1_379' title='bbox 2031 2197 2257 2238; x_wconf 88' lang='lat' dir='ltr'>suspenditur.</span> 
     </span>
     <span class='ocr_line' id='line_1_34' title="bbox 422 2249 2257 2292; baseline 0 -11"><span class='ocrx_word' id='word_1_380' title='bbox 422 2250 508 2281; x_wconf 90' lang='lat' dir='ltr'>Cum</span> <span class='ocrx_word' id='word_1_381' title='bbox 533 2256 647 2281; x_wconf 88' lang='lat' dir='ltr'>tamen</span> <span class='ocrx_word' id='word_1_382' title='bbox 673 2251 781 2281; x_wconf 90' lang='lat' dir='ltr'>omnis</span> <span class='ocrx_word' id='word_1_383' title='bbox 805 2261 899 2281; x_wconf 89' lang='lat' dir='ltr'>mora</span> <span class='ocrx_word' id='word_1_384' title='bbox 924 2251 987 2291; x_wconf 89' lang='lat' dir='ltr'>ipsi</span> <span class='ocrx_word' id='word_1_385' title='bbox 1010 2251 1149 2282; x_wconf 91' lang='lat' dir='ltr'>domino</span> <span class='ocrx_word' id='word_1_386' title='bbox 1174 2250 1347 2281; x_wconf 86' lang='lat' dir='ltr'>Ubertino</span> <span class='ocrx_word' id='word_1_387' title='bbox 1371 2249 1547 2281; x_wconf 82' lang='lat' dir='ltr'>videretur</span> <span class='ocrx_word' id='word_1_388' title='bbox 1571 2250 1711 2281; x_wconf 88' lang='lat' dir='ltr'>nimium</span> <span class='ocrx_word' id='word_1_389' title='bbox 1738 2249 1881 2290; x_wconf 81' lang='lat' dir='ltr'>prolixa,</span> <span class='ocrx_word' id='word_1_390' title='bbox 1906 2249 2000 2292; x_wconf 90' lang='lat' dir='ltr'>quod</span> <span class='ocrx_word' id='word_1_391' title='bbox 2032 2249 2159 2281; x_wconf 89' lang='lat' dir='ltr'>viribus</span> <span class='ocrx_word' id='word_1_392' title='bbox 2189 2260 2257 2282; x_wconf 85' lang='lat' dir='ltr'>non</span> 
     </span>
     <span class='ocr_line' id='line_1_35' title="bbox 421 2302 2258 2345; baseline 0 -11"><span class='ocrx_word' id='word_1_393' title='bbox 421 2308 557 2344; x_wconf 87' lang='lat' dir='ltr'>poterat</span> <span class='ocrx_word' id='word_1_394' title='bbox 588 2302 728 2339; x_wconf 87' lang='lat' dir='ltr'>habere,</span> <span class='ocrx_word' id='word_1_395' title='bbox 759 2302 918 2334; x_wconf 86' lang='lat' dir='ltr'>tractavit</span> <span class='ocrx_word' id='word_1_396' title='bbox 950 2303 1102 2345; x_wconf 75' lang='lat' dir='ltr'>ingeniO.</span> <span class='ocrx_word' id='word_1_397' title='bbox 1150 2303 1194 2334; x_wconf 89' lang='lat' dir='ltr'>Et</span> <span class='ocrx_word' id='word_1_398' title='bbox 1224 2302 1274 2334; x_wconf 86' lang='lat' dir='ltr'>sic</span> <span class='ocrx_word' id='word_1_399' title='bbox 1305 2312 1366 2343; x_wconf 90' lang='lat' dir='ltr'>per</span> <span class='ocrx_word' id='word_1_400' title='bbox 1398 2302 1587 2333; x_wconf 86' lang='lat' dir='ltr'>Iohannem</span> <span class='ocrx_word' id='word_1_401' title='bbox 1620 2303 1842 2334; x_wconf 88' lang='lat' dir='ltr'>Franciscum</span> <span class='ocrx_word' id='word_1_402' title='bbox 1876 2303 2117 2334; x_wconf 79' lang='lat' dir='ltr'>Galmarellam</span> <span class='ocrx_word' id='word_1_403' title='bbox 2149 2309 2258 2334; x_wconf 89' lang='lat' dir='ltr'>astute</span> 
     </span>
     <span class='ocr_line' id='line_1_36' title="bbox 422 2354 2322 2396; baseline 0.001 -9"><span class='ocrx_word' id='word_1_404' title='bbox 422 2356 587 2387; x_wconf 79' lang='lat' dir='ltr'>effectum</span> <span class='ocrx_word' id='word_1_405' title='bbox 612 2361 661 2386; x_wconf 88' lang='lat' dir='ltr'>est</span> <span class='ocrx_word' id='word_1_406' title='bbox 687 2356 778 2396; x_wconf 88' lang='lat' dir='ltr'>quod</span> <span class='ocrx_word' id='word_1_407' title='bbox 805 2356 956 2387; x_wconf 83' lang='lat' dir='ltr'>consocii</span> <span class='ocrx_word' id='word_1_408' title='bbox 981 2357 1086 2396; x_wconf 86' lang='lat' dir='ltr'>ipsius</span> <span class='ocrx_word' id='word_1_409' title='bbox 1110 2355 1253 2392; x_wconf 87' lang='lat' dir='ltr'>Florini,</span> <span class='ocrx_word' id='word_1_410' title='bbox 1277 2365 1354 2386; x_wconf 92' lang='lat' dir='ltr'>curn</span> <span class='ocrx_word' id='word_1_411' title='bbox 1387 2356 1462 2396; x_wconf 89' lang='lat' dir='ltr'>ipso</span> <span class='ocrx_word' id='word_1_412' title='bbox 1494 2355 1649 2386; x_wconf 90' lang='lat' dir='ltr'>Iohanne</span> <span class='ocrx_word' id='word_1_413' title='bbox 1681 2354 1871 2387; x_wconf 89' lang='lat' dir='ltr'>Francisco</span> <span class='ocrx_word' id='word_1_414' title='bbox 1895 2361 1990 2387; x_wconf 91' lang='lat' dir='ltr'>certa</span> <span class='ocrx_word' id='word_1_415' title='bbox 2022 2356 2258 2387; x_wconf 86' lang='lat' dir='ltr'>convencione</span> <span class='ocrx_word' id='word_1_416' title='bbox 2281 2356 2322 2388; x_wconf 81' lang='lat'>35</span> 
     </span>
     <span class='ocr_line' id='line_1_37' title="bbox 422 2407 2256 2450; baseline 0.002 -12"><span class='ocrx_word' id='word_1_417' title='bbox 422 2408 549 2445; x_wconf 86' lang='lat' dir='ltr'>habita,</span> <span class='ocrx_word' id='word_1_418' title='bbox 572 2408 713 2440; x_wconf 87' lang='lat' dir='ltr'>rocham</span> <span class='ocrx_word' id='word_1_419' title='bbox 734 2409 871 2439; x_wconf 88' lang='lat' dir='ltr'>domino</span> <span class='ocrx_word' id='word_1_420' title='bbox 889 2409 1059 2440; x_wconf 82' lang='lat' dir='ltr'>Ubertino</span> <span class='ocrx_word' id='word_1_421' title='bbox 1077 2416 1110 2440; x_wconf 87' lang='lat' dir='ltr'>et</span> <span class='ocrx_word' id='word_1_422' title='bbox 1126 2409 1235 2449; x_wconf 90' lang='lat' dir='ltr'>ipsum</span> <span class='ocrx_word' id='word_1_423' title='bbox 1251 2408 1424 2439; x_wconf 88' lang='lat' dir='ltr'>Florinum</span> <span class='ocrx_word' id='word_1_424' title='bbox 1443 2409 1542 2439; x_wconf 89' lang='lat' dir='ltr'>simul</span> <span class='ocrx_word' id='word_1_425' title='bbox 1560 2407 1787 2439; x_wconf 85' lang='lat' dir='ltr'>tradiderunt.</span> <span class='ocrx_word' id='word_1_426' title='bbox 1813 2407 1895 2445; x_wconf 76' lang='lat' dir='ltr'>Qui,</span> <span class='ocrx_word' id='word_1_427' title='bbox 1913 2408 2063 2439; x_wconf 86' lang='lat' dir='ltr'>Paduam</span> <span class='ocrx_word' id='word_1_428' title='bbox 2079 2409 2256 2450; x_wconf 83' lang='lat' dir='ltr'>advectus,</span> 
     </span>
     <span class='ocr_line' id='line_1_38' title="bbox 423 2460 2258 2503; baseline 0.001 -11"><span class='ocrx_word' id='word_1_429' title='bbox 423 2463 464 2492; x_wconf 90' lang='lat' dir='ltr'>de</span> <span class='ocrx_word' id='word_1_430' title='bbox 489 2461 651 2492; x_wconf 86' lang='lat' dir='ltr'>mandato</span> <span class='ocrx_word' id='word_1_431' title='bbox 678 2461 762 2492; x_wconf 86' lang='lat' dir='ltr'>dicti</span> <span class='ocrx_word' id='word_1_432' title='bbox 792 2462 920 2493; x_wconf 87' lang='lat' dir='ltr'>domini</span> <span class='ocrx_word' id='word_1_433' title='bbox 952 2461 1111 2493; x_wconf 86' lang='lat' dir='ltr'>Ubertini</span> <span class='ocrx_word' id='word_1_434' title='bbox 1148 2462 1246 2492; x_wconf 82' lang='lat' dir='ltr'>furca</span> <span class='ocrx_word' id='word_1_435' title='bbox 1279 2461 1512 2503; x_wconf 88' lang='lat' dir='ltr'>suspenditur.</span> <span class='ocrx_word' id='word_1_436' title='bbox 1560 2460 1736 2498; x_wconf 80' lang='lat' dir='ltr'>consocii,</span> <span class='ocrx_word' id='word_1_437' title='bbox 1771 2462 1931 2492; x_wconf 87' lang='lat' dir='ltr'>mercede</span> <span class='ocrx_word' id='word_1_438' title='bbox 1966 2467 2119 2502; x_wconf 87' lang='lat' dir='ltr'>recepta,</span> <span class='ocrx_word' id='word_1_439' title='bbox 2151 2461 2258 2493; x_wconf 90' lang='lat' dir='ltr'>libere</span> 
     </span>
    </p>
   </div>
   <div class='ocr_carea' id='block_1_7' title="bbox 380 2615 2256 2818">
    <p class='ocr_par' dir='ltr' id='par_1_7' title="bbox 423 2615 2256 2775">
     <span class='ocr_line' id='line_1_39' title="bbox 512 2615 2254 2648; baseline 0.001 -8"><span class='ocrx_word' id='word_1_440' title='bbox 512 2624 534 2641; x_wconf 87' lang='lat'>1.</span> <span class='ocrx_word' id='word_1_441' title='bbox 554 2615 675 2648; x_wconf 69' lang='lat' dir='ltr'>custod]</span> <span class='ocrx_word' id='word_1_442' title='bbox 696 2617 875 2640; x_wconf 77' lang='lat' dir='ltr'>excubiarum</span> <span class='ocrx_word' id='word_1_443' title='bbox 892 2618 913 2641; x_wconf 88' lang='grc'><em>8</em></span> <span class='ocrx_word' id='word_1_444' title='bbox 925 2630 933 2634; x_wconf 88' lang='lat'><em>—</em></span> <span class='ocrx_word' id='word_1_445' title='bbox 949 2618 1056 2641; x_wconf 71' lang='lat' dir='ltr'>clamor</span> <span class='ocrx_word' id='word_1_446' title='bbox 1070 2626 1101 2641; x_wconf 83' lang='lat' dir='ltr'>cx</span> <span class='ocrx_word' id='word_1_447' title='bbox 1116 2625 1171 2648; x_wconf 87' lang='lat' dir='ltr'>quo</span> <span class='ocrx_word' id='word_1_448' title='bbox 1186 2617 1309 2648; x_wconf 82' lang='lat' dir='ltr'>undique</span> <span class='ocrx_word' id='word_1_449' title='bbox 1323 2617 1356 2640; x_wconf 88' lang='lat' dir='ltr'>ad</span> <span class='ocrx_word' id='word_1_450' title='bbox 1373 2618 1444 2641; x_wconf 75' lang='lat' dir='ltr'>inuri</span> <span class='ocrx_word' id='word_1_451' title='bbox 1460 2618 1640 2641; x_wconf 81' lang='lat' dir='ltr'>concurritur</span> <span class='ocrx_word' id='word_1_452' title='bbox 1654 2617 1796 2640; x_wconf 82' lang='lat' dir='ltr'>defensam</span> <span class='ocrx_word' id='word_1_453' title='bbox 1811 2618 1906 2647; x_wconf 88' lang='lat' dir='ltr'>sicque</span> <span class='ocrx_word' id='word_1_454' title='bbox 1920 2617 2038 2640; x_wconf 80' lang='lat' dir='ltr'>accincti</span> <span class='ocrx_word' id='word_1_455' title='bbox 2054 2617 2087 2640; x_wconf 91' lang='lat' dir='ltr'>ad</span> <span class='ocrx_word' id='word_1_456' title='bbox 2103 2617 2254 2641; x_wconf 87' lang='lat' dir='ltr'>introitum</span> 
     </span>
     <span class='ocr_line' id='line_1_40' title="bbox 423 2658 2256 2691; baseline 0 -8"><span class='ocrx_word' id='word_1_457' title='bbox 423 2662 564 2691; x_wconf 82' lang='lat' dir='ltr'>coguntur</span> <span class='ocrx_word' id='word_1_458' title='bbox 586 2659 711 2682; x_wconf 81' lang='lat' dir='ltr'>secedere</span> <span class='ocrx_word' id='word_1_459' title='bbox 731 2659 857 2682; x_wconf 71' lang='lat' dir='ltr'>I‘atlnani</span> <span class='ocrx_word' id='word_1_460' title='bbox 880 2659 902 2683; x_wconf 84' lang='lat' dir='ltr'><em>S</em></span> <span class='ocrx_word' id='word_1_461' title='bbox 921 2673 950 2676; x_wconf 97' lang='lat'><strong>—</strong></span> <span class='ocrx_word' id='word_1_462' title='bbox 972 2667 995 2683; x_wconf 82' lang='lat'>2.</span> <span class='ocrx_word' id='word_1_463' title='bbox 1016 2662 1130 2691; x_wconf 78' lang='lat' dir='ltr'>penitus</span> <span class='ocrx_word' id='word_1_464' title='bbox 1151 2661 1288 2683; x_wconf 83' lang='lat' dir='ltr'>frustrato</span> <span class='ocrx_word' id='word_1_465' title='bbox 1310 2660 1471 2691; x_wconf 84' lang='lat' dir='ltr'>proposito,</span> <span class='ocrx_word' id='word_1_466' title='bbox 1492 2660 1610 2683; x_wconf 88' lang='lat' dir='ltr'>domino</span> <span class='ocrx_word' id='word_1_467' title='bbox 1636 2663 1728 2683; x_wconf 82' lang='lat' dir='ltr'>autern</span> <span class='ocrx_word' id='word_1_468' title='bbox 1755 2660 1838 2683; x_wconf 87' lang='lat' dir='ltr'>Petro</span> <span class='ocrx_word' id='word_1_469' title='bbox 1864 2660 1898 2682; x_wconf 87' lang='lat' dir='ltr'>de</span> <span class='ocrx_word' id='word_1_470' title='bbox 1923 2658 2022 2682; x_wconf 88' lang='lat' dir='ltr'>Verme</span> <span class='ocrx_word' id='word_1_471' title='bbox 2047 2666 2062 2682; x_wconf 81' lang='lat' dir='ltr'>a</span> <span class='ocrx_word' id='word_1_472' title='bbox 2088 2659 2256 2690; x_wconf 86' lang='lat' dir='ltr'>quibusdam</span> 
     </span>
     <span class='ocr_line' id='line_1_41' title="bbox 425 2700 2256 2734; baseline 0 -8"><span class='ocrx_word' id='word_1_473' title='bbox 425 2703 548 2733; x_wconf 83' lang='lat' dir='ltr'>captivis</span> <span class='ocrx_word' id='word_1_474' title='bbox 575 2702 598 2725; x_wconf 85' lang='lat' dir='ltr'><em>S</em></span> <span class='ocrx_word' id='word_1_475' title='bbox 622 2714 652 2718; x_wconf 88' lang='lat'><em>-</em></span> <span class='ocrx_word' id='word_1_476' title='bbox 682 2707 722 2725; x_wconf 85' lang='lat'>12.</span> <span class='ocrx_word' id='word_1_477' title='bbox 747 2700 817 2733; x_wconf 85' lang='lat' dir='ltr'>erat]</span> <span class='ocrx_word' id='word_1_478' title='bbox 843 2701 990 2726; x_wconf 69' lang='lat' dir='ltr'>deflexerat</span> <span class='ocrx_word' id='word_1_479' title='bbox 1016 2703 1039 2726; x_wconf 90' lang='lat' dir='ltr'><em>S</em></span> <span class='ocrx_word' id='word_1_480' title='bbox 1058 2716 1088 2720; x_wconf 89' lang='lat'>-—</span> <span class='ocrx_word' id='word_1_481' title='bbox 1112 2702 1150 2725; x_wconf 81' lang='lat'>18.</span> <span class='ocrx_word' id='word_1_482' title='bbox 1171 2702 1205 2726; x_wconf 79' lang='lat' dir='ltr'>ab</span> <span class='ocrx_word' id='word_1_483' title='bbox 1224 2710 1256 2725; x_wconf 85' lang='lat' dir='ltr'>co</span> <span class='ocrx_word' id='word_1_484' title='bbox 1277 2705 1343 2726; x_wconf 87' lang='lat' dir='ltr'>tunc</span> <span class='ocrx_word' id='word_1_485' title='bbox 1364 2702 1464 2734; x_wconf 85' lang='lat' dir='ltr'>petitls</span> <span class='ocrx_word' id='word_1_486' title='bbox 1485 2702 1507 2725; x_wconf 85' lang='lat' dir='ltr'><em>S</em></span> <span class='ocrx_word' id='word_1_487' title='bbox 1523 2714 1555 2719; x_wconf 84' lang='lat'>—</span> <span class='ocrx_word' id='word_1_488' title='bbox 1576 2707 1617 2732; x_wconf 79' lang='lat'>25.</span> <span class='ocrx_word' id='word_1_489' title='bbox 1638 2702 1811 2733; x_wconf 79' lang='lat' dir='ltr'>permaxima</span> <span class='ocrx_word' id='word_1_490' title='bbox 1831 2700 1854 2725; x_wconf 83' lang='lat' dir='ltr'><em>S</em></span> <span class='ocrx_word' id='word_1_491' title='bbox 1871 2713 1882 2718; x_wconf 95' lang='lat'>-</span> <span class='ocrx_word' id='word_1_492' title='bbox 1901 2700 2004 2724; x_wconf 83' lang='lat' dir='ltr'>civitas</span> <span class='ocrx_word' id='word_1_493' title='bbox 2026 2702 2062 2724; x_wconf 83' lang='lat' dir='ltr'><em>M</em></span> <span class='ocrx_word' id='word_1_494' title='bbox 2076 2714 2106 2718; x_wconf 87' lang='lat'>-</span> <span class='ocrx_word' id='word_1_495' title='bbox 2128 2707 2169 2731; x_wconf 84' lang='lat'>27.</span> <span class='ocrx_word' id='word_1_496' title='bbox 2190 2702 2256 2726; x_wconf 86' lang='lat' dir='ltr'>Post</span> 
     </span>
     <span class='ocr_line' id='line_1_42' title="bbox 424 2742 2256 2775; baseline 0.001 -9"><span class='ocrx_word' id='word_1_497' title='bbox 424 2751 489 2767; x_wconf 61' lang='lat' dir='ltr'>voro</span> <span class='ocrx_word' id='word_1_498' title='bbox 511 2744 671 2766; x_wconf 82' lang='lat' dir='ltr'>libertatem</span> <span class='ocrx_word' id='word_1_499' title='bbox 692 2743 715 2767; x_wconf 91' lang='grc'><em>8</em></span> <span class='ocrx_word' id='word_1_500' title='bbox 732 2757 763 2759; x_wconf 85' lang='lat'>——</span> <span class='ocrx_word' id='word_1_501' title='bbox 783 2750 826 2773; x_wconf 86' lang='lat'>31.</span> <span class='ocrx_word' id='word_1_502' title='bbox 851 2745 938 2774; x_wconf 73' lang='lat' dir='ltr'>ipsam</span> <span class='ocrx_word' id='word_1_503' title='bbox 962 2744 1073 2767; x_wconf 61' lang='lat' dir='ltr'>rocham</span> <span class='ocrx_word' id='word_1_504' title='bbox 1095 2745 1117 2768; x_wconf 87' lang='lat' dir='ltr'><em>S</em></span> <span class='ocrx_word' id='word_1_505' title='bbox 1135 2757 1166 2761; x_wconf 82' lang='lat'><em>—</em></span> <span class='ocrx_word' id='word_1_506' title='bbox 1188 2750 1231 2775; x_wconf 83' lang='lat'>3²·</span> <span class='ocrx_word' id='word_1_507' title='bbox 1252 2744 1398 2768; x_wconf 83' lang='lat' dir='ltr'>recusabat</span> <span class='ocrx_word' id='word_1_508' title='bbox 1418 2744 1441 2768; x_wconf 91' lang='lat' dir='ltr'><em>S</em></span> <span class='ocrx_word' id='word_1_509' title='bbox 1461 2757 1494 2760; x_wconf 97' lang='lat'><strong>—</strong></span> <span class='ocrx_word' id='word_1_510' title='bbox 1513 2751 1555 2774; x_wconf 76' lang='lat'>34.</span> <span class='ocrx_word' id='word_1_511' title='bbox 1576 2743 1778 2767; x_wconf 78' lang='lat' dir='ltr'>Galmarellam</span> <span class='ocrx_word' id='word_1_512' title='bbox 1799 2744 1889 2774; x_wconf 84' lang='lat' dir='ltr'>ipsius</span> <span class='ocrx_word' id='word_1_513' title='bbox 1903 2743 2012 2766; x_wconf 84' lang='lat' dir='ltr'>domini</span> <span class='ocrx_word' id='word_1_514' title='bbox 2028 2742 2159 2766; x_wconf 84' lang='lat' dir='ltr'>Ubertini</span> <span class='ocrx_word' id='word_1_515' title='bbox 2177 2744 2256 2767; x_wconf 84' lang='lat' dir='ltr'>fami—</span> 
     </span>
    </p>

    <p class='ocr_par' dir='ltr' id='par_1_8' title="bbox 380 2784 2166 2818">
     <span class='ocr_line' id='line_1_43' title="bbox 380 2784 2166 2818; baseline 0 -9"><span class='ocrx_word' id='word_1_516' title='bbox 380 2792 392 2816; x_wconf 83' lang='lat'>5</span> <span class='ocrx_word' id='word_1_517' title='bbox 425 2786 523 2809; x_wconf 76' lang='lat' dir='ltr'>lim-em</span> <span class='ocrx_word' id='word_1_518' title='bbox 543 2787 633 2809; x_wconf 84' lang='lat' dir='ltr'>astute</span> <span class='ocrx_word' id='word_1_519' title='bbox 653 2784 778 2808; x_wconf 80' lang='lat' dir='ltr'>effectum</span> <span class='ocrx_word' id='word_1_520' title='bbox 797 2787 838 2808; x_wconf 82' lang='lat' dir='ltr'>est</span> <span class='ocrx_word' id='word_1_521' title='bbox 861 2785 993 2809; x_wconf 64' lang='lat' dir='ltr'>videlicet</span> <span class='ocrx_word' id='word_1_522' title='bbox 1013 2786 1087 2817; x_wconf 83' lang='lat' dir='ltr'>quod</span> <span class='ocrx_word' id='word_1_523' title='bbox 1107 2787 1179 2810; x_wconf 76' lang='lat' dir='ltr'>socii</span> <span class='ocrx_word' id='word_1_524' title='bbox 1200 2786 1222 2810; x_wconf 81' lang='lat' dir='ltr'><em>S</em></span> <span class='ocrx_word' id='word_1_525' title='bbox 1238 2799 1272 2803; x_wconf 93' lang='lat'>—</span> <span class='ocrx_word' id='word_1_526' title='bbox 1292 2792 1334 2818; x_wconf 88' lang='lat'>37.</span> <span class='ocrx_word' id='word_1_527' title='bbox 1354 2786 1481 2810; x_wconf 87' lang='lat' dir='ltr'>consocii</span> <span class='ocrx_word' id='word_1_528' title='bbox 1504 2793 1570 2809; x_wconf 86' lang='lat' dir='ltr'>vero</span> <span class='ocrx_word' id='word_1_529' title='bbox 1591 2786 1614 2810; x_wconf 84' lang='lat' dir='ltr'><strong><em>S</em></strong></span> <span class='ocrx_word' id='word_1_530' title='bbox 1630 2798 1640 2803; x_wconf 86' lang='lat'><em>—</em></span> <span class='ocrx_word' id='word_1_531' title='bbox 1659 2785 1746 2808; x_wconf 86' lang='lat' dir='ltr'>libere</span> <span class='ocrx_word' id='word_1_532' title='bbox 1766 2784 1893 2808; x_wconf 84' lang='lat' dir='ltr'>recedere</span> <span class='ocrx_word' id='word_1_533' title='bbox 1912 2785 2039 2816; x_wconf 85' lang='lat' dir='ltr'>permissi</span> <span class='ocrx_word' id='word_1_534' title='bbox 2059 2786 2123 2808; x_wconf 88' lang='lat' dir='ltr'>sunt</span> <span class='ocrx_word' id='word_1_535' title='bbox 2143 2785 2166 2809; x_wconf 82' lang='lat' dir='ltr'><em>S</em></span> 
     </span>
    </p>
   </div>
   <div class='ocr_carea' id='block_1_8' title="bbox 428 2894 2320 3010">
    <p class='ocr_par' dir='ltr' id='par_1_9' title="bbox 428 2894 2320 3010">
     <span class='ocr_line' id='line_1_44' title="bbox 514 2894 1926 2928; baseline -0.001 -9"><span class='ocrx_word' id='word_1_536' title='bbox 514 2895 522 2910; x_wconf 80' lang='lat'>¹</span> <span class='ocrx_word' id='word_1_537' title='bbox 544 2896 565 2919; x_wconf 88' lang='lat'>11</span> <span class='ocrx_word' id='word_1_538' title='bbox 587 2896 716 2928; x_wconf 86' lang='lat' dir='ltr'>capitolo</span> <span class='ocrx_word' id='word_1_539' title='bbox 729 2894 743 2920; x_wconf 74' lang='lat' dir='ltr'>&#39;e</span> <span class='ocrx_word' id='word_1_540' title='bbox 757 2895 876 2919; x_wconf 74' lang='lat' dir='ltr'>dosunto</span> <span class='ocrx_word' id='word_1_541' title='bbox 893 2896 927 2919; x_wconf 77' lang='lat' dir='ltr'>(la</span> <span class='ocrx_word' id='word_1_542' title='bbox 944 2895 1078 2927; x_wconf 57' lang='lat' dir='ltr'>Conrus„</span> <span class='ocrx_word' id='word_1_543' title='bbox 1097 2897 1233 2926; x_wconf 75' lang='lat' dir='ltr'>Chronica,</span> <span class='ocrx_word' id='word_1_544' title='bbox 1254 2896 1314 2925; x_wconf 76' lang='lat' dir='ltr'>VH,</span> <span class='ocrx_word' id='word_1_545' title='bbox 1457 2895 1467 2910; x_wconf 82' lang='lat'><strong>²</strong></span> <span class='ocrx_word' id='word_1_546' title='bbox 1488 2895 1623 2923; x_wconf 59' lang='lat' dir='ltr'>Cornus„</span> <span class='ocrx_word' id='word_1_547' title='bbox 1645 2895 1782 2923; x_wconf 78' lang='lat' dir='ltr'>Chronica,</span> <span class='ocrx_word' id='word_1_548' title='bbox 1801 2894 1863 2924; x_wconf 87' lang='lat' dir='ltr'>VII,</span> <span class='ocrx_word' id='word_1_549' title='bbox 1886 2901 1926 2925; x_wconf 86' lang='lat'>13.</span> 
     </span>
     <span class='ocr_line' id='line_1_45' title="bbox 429 2935 2320 2969; baseline 0.001 -9"><span class='ocrx_word' id='word_1_550' title='bbox 429 2943 475 2961; x_wconf 83' lang='lat'>12:</span> <span class='ocrx_word' id='word_1_551' title='bbox 505 2937 635 2960; x_wconf 77' lang='lat' dir='ltr'>“inclusi</span> <span class='ocrx_word' id='word_1_552' title='bbox 667 2939 694 2960; x_wconf 84' lang='lat' dir='ltr'>in</span> <span class='ocrx_word' id='word_1_553' title='bbox 729 2937 979 2961; x_wconf 77' lang='lat' dir='ltr'>Montesilice....</span> <span class='ocrx_word' id='word_1_554' title='bbox 1013 2939 1041 2961; x_wconf 85' lang='lat' dir='ltr'>in</span> <span class='ocrx_word' id='word_1_555' title='bbox 1074 2938 1220 2968; x_wconf 77' lang='lat' dir='ltr'>colloquio</span> <span class='ocrx_word' id='word_1_556' title='bbox 1252 2945 1313 2961; x_wconf 88' lang='lat' dir='ltr'>cum</span> <span class='ocrx_word' id='word_1_557' title='bbox 1454 2935 1465 2952; x_wconf 77' lang='lat'>³</span> <span class='ocrx_word' id='word_1_558' title='bbox 1484 2937 1621 2965; x_wconf 66' lang='lat' dir='ltr'>Com-us..</span> <span class='ocrx_word' id='word_1_559' title='bbox 1641 2937 1701 2965; x_wconf 80' lang='lat' dir='ltr'>VII,</span> <span class='ocrx_word' id='word_1_560' title='bbox 1725 2943 1763 2967; x_wconf 81' lang='lat'>13.</span> <span class='ocrx_word' id='word_1_561' title='bbox 1783 2944 1830 2968; x_wconf 87' lang='lat' dir='ltr'>per</span> <span class='ocrx_word' id='word_1_562' title='bbox 1850 2938 1926 2960; x_wconf 86' lang='lat' dir='ltr'>tutto</span> <span class='ocrx_word' id='word_1_563' title='bbox 1948 2937 1968 2960; x_wconf 91' lang='lat' dir='ltr'>il</span> <span class='ocrx_word' id='word_1_564' title='bbox 1988 2938 2127 2969; x_wconf 84' lang='lat' dir='ltr'>capitolo.</span> <span class='ocrx_word' id='word_1_565' title='bbox 2287 2947 2320 2964; x_wconf 79' lang='lat'>10</span> 
     </span>
     <span class='ocr_line' id='line_1_46' title="bbox 428 2978 1926 3010; baseline 0 -8"><span class='ocrx_word' id='word_1_566' title='bbox 428 2980 439 2992; x_wconf 76' lang='lat'>‘¹</span> <span class='ocrx_word' id='word_1_567' title='bbox 452 2980 619 3003; x_wconf 82' lang='lat' dir='ltr'>extrinsecis</span> <span class='ocrx_word' id='word_1_568' title='bbox 633 2995 654 3009; x_wconf 60' lang='grc' dir='ltr'>η.</span> <span class='ocrx_word' id='word_1_569' title='bbox 1457 2978 1466 2994; x_wconf 81' lang='lat'><strong>⁴</strong></span> <span class='ocrx_word' id='word_1_570' title='bbox 1488 2980 1623 3009; x_wconf 51' lang='lat' dir='ltr'>Com-usq</span> <span class='ocrx_word' id='word_1_571' title='bbox 1646 2979 1784 3008; x_wconf 77' lang='lat' dir='ltr'>Chronica,</span> <span class='ocrx_word' id='word_1_572' title='bbox 1804 2978 1864 3009; x_wconf 81' lang='lat' dir='ltr'>vn,</span> <span class='ocrx_word' id='word_1_573' title='bbox 1887 2986 1926 3010; x_wconf 85' lang='lat'>14.</span> 
     </span>
    </p>
   </div>
   <div class='ocr_carea' id='block_1_9' title="bbox 2397 0 2422 3573">
    <p class='ocr_par' dir='ltr' id='par_1_10' title="bbox 2397 0 2422 3573">
     <span class='ocr_line' id='line_1_47' title="bbox 2397 0 2422 3573; baseline 0 0"><span class='ocrx_word' id='word_1_574' title='bbox 2397 0 2422 3573; x_wconf 95' lang='lat' dir='ltr'> </span> 
     </span>
    </p>
   </div>
  </div>
 </body>
</html>
