2422 3684
499 264 671 300 GESTA
701 261 1008 298 MAGNIFICA
1038 257 1219 294 DOMUS
1249 255 1635 292 CARRARIENSIS

475 399 617 430 Rumz.
641 396 673 428 A

234 471 308 507 257.
337 489 374 494 —-
401 471 456 502 Re
481 475 596 501 autem
627 468 677 499 sic
709 478 743 498 se
775 465 924 498 habente
958 471 990 495 et

145 537 224 568 spes
255 526 441 557 haberetur
473 524 515 554 de
546 520 800 564 prorogacione
835 525 990 560 treugue‚

147 591 212 622 que
229 578 450 614 tractabatur,
467 576 563 609 ducis
580 575 686 617 ipsius
702 578 909 605 tractatores
929 570 990 602 sub

147 645 208 675 spe
233 633 379 664 nuncios
396 630 634 672 produxerunt
656 626 836 670 magnifici
861 623 990 656 domini

148 686 327 719 Francisci
345 687 388 717 de
406 683 566 716 Carraria
583 692 689 724 usque
706 682 742 712 111
758 679 825 711 diei
844 685 992 714 noctem,

148 751 216 783 qua
233 739 413 781 expirabat
429 737 502 778 ipsa
519 741 676 777 treugua.
710 734 772 765 Die
789 738 902 764 autem
916 736 993 772 post

149 793 336 824 immediate
360 789 519 832 sequenti
551 789 740 830 tidifregus
770 786 827 817 ille
860 785 994 816 Blasius

151 847 194 879 de
218 847 434 878 castronovo
459 843 502 874 de
535 840 730 876 beneficiis,
755 839 809 872 cui
839 844 872 869 et
904 836 992 878 patri

150 911 213 942 per
244 899 354 940 ipsum
391 896 615 938 magnificum
652 893 827 925 dominum
863 890 996 922 collatis

150 954 217 984 iam
240 951 397 993 superius
413 950 494 987 dixi,
512 949 606 980 facta
623 946 687 989 ipsi
707 945 788 976 duci
806 943 995 976 ιιι-1110510110

152 1012 186 1039 et
209 1006 273 1047 ipsi
290 1004 481 1047 magnifico
498 1000 636 1034 domino
652 998 855 1034 rebellione,
877 997 996 1028 volens

152 1060 230 1092 illos
253 1061 297 1091 de
321 1057 464 1095 Tasino,
488 1055 547 1098 qui
578 1055 645 1085 iam
676 1052 740 1084 sub
774 1062 835 1082 sua
859 1051 997 1081 fuerant

154 1113 303 1149 dicione,
315 1111 416 1143 fidem
432 1109 497 1141 sibi
514 1119 556 1139 ex
573 1117 663 1138 nuuc
682 1106 725 1137 de
743 1115 831 1136 novo
848 1103 997 1138 tradere,

153 1176 254 1210 quam
277 1166 344 1197 iam
369 1165 473 1205 longe
496 1161 564 1203 ipsi
588 1159 810 1201 prestiterant
840 1156 903 1198 ipsi
936 1156 998 1187 do-

147 1220 246 1251 mino
279 1217 478 1253 Francisco‚
509 1214 606 1257 quod
638 1213 756 1243 tacere
787 1210 998 1242 Tasinenses

155 1277 367 1309 recusarunt,
399 1270 444 1301 ad
475 1269 628 1311 ipsorum
660 1271 694 1297 et
716 1275 830 1296 rerum
862 1273 998 1294 suarum

154 1326 299 1368 predam
323 1323 486 1361 cucurrit,
510 1320 662 1364 quinimo
687 1329 755 1350 non
780 1327 920 1360 paucos,
941 1315 998 1357 qui

155 1390 190 1410 se
215 1379 249 1410 in
273 1379 342 1409 suis
365 1375 523 1408 manibus
547 1372 739 1406 credebant
762 1377 855 1403 tutos
881 1370 925 1401 ob
948 1369 1000 1400 id-

156 1442 222 1475 que
238 1430 505 1471 salva[n]darum
522 1438 635 1459 rerum
653 1436 788 1457 suarum
807 1423 923 1467 gracia
941 1433 999 1453 sue

155 1495 213 1517 eas
235 1484 444 1517 comiserant
467 1481 635 1517 custodie,
662 1478 869 1518 interceptis
900 1475 1001 1508 rebus

131 1565 135 1569 .
156 1539 238 1581 ipsis
260 1544 406 1579 treugua
429 1536 532 1567 finita
557 1533 694 1565 delusit.

248 1751 322 1782 258.
347 1768 384 1772 -—
412 1749 484 1786 His,
509 1754 546 1780 ut
569 1747 733 1788 scriptum
760 1751 820 1783 est,
846 1755 909 1785 per
925 1743 1003 1775 Bla-

160 1804 244 1836 sium
269 1803 386 1846 gestis,
409 1812 473 1844 per
497 1800 717 1842 capitaneum
748 1800 902 1843 gentium
934 1808 1003 1828 ma-

160 1856 282 1899 gnifici
319 1855 447 1888 domini
482 1853 660 1886 Francisci
701 1853 743 1884 ad
778 1858 893 1894 partes
930 1851 1006 1882 illas

162 1915 240 1942 ante
263 1909 480 1941 induciarum
498 1909 598 1940 finem
616 1907 858 1942 transmissum,
878 1905 1004 1947 quique

161 1963 195 1994 in
218 1963 344 1995 bastita
366 1961 451 1994 inibi
474 1972 551 1993 cum
575 1961 737 2004 gentibus
753 1959 859 2002 ipsius
876 1958 1006 2001 magni-

163 2017 223 2048 fici
247 2015 375 2047 domini
398 2025 434 2047 se
458 2015 652 2049 reduxerat.
676 2012 880 2045 resistencia
911 2012 1007 2042 facta

163 2075 214 2101 est
237 2069 406 2101 Federico
431 2068 529 2100 militi
547 2068 591 2099 de
608 2068 809 2103 Gratistam,
824 2065 1006 2107 capitaneo

163 2123 316 2166 gentium
340 2123 446 2164 ipsius
469 2121 611 2154 Rodulfi
635 2120 743 2157 ducis,
757 2119 909 2151 venienti
926 2118 1005 2150 inde

164 2176 208 2208 ad
222 2175 491 2208 confirmandum
508 2175 643 2207 facinus
658 2175 765 2216 ipsius
780 2174 896 2209 Blasii,
915 2172 1007 2214 quod

165 2235 280 2260 tamen
303 2229 371 2260 iam
394 2229 589 2270 perfectum
614 2233 698 2264 erat,
721 2228 854 2269 fuitque
878 2226 1006 2257 ibidem

166 2282 375 2315 Fredericus
396 2282 471 2323 ipse
494 2281 616 2313 baliste
641 2281 778 2313 saucius
801 2282 881 2312 ictu.
929 2279 1007 2317 Que

166 2345 220 2367 res
242 2335 302 2367 ubi
323 2335 390 2376 ipsi
416 2335 598 2377 magnifico
623 2335 763 2366 domino
781 2335 825 2365 ad
844 2334 1007 2365 noticiam

167 2389 314 2420 deducta
341 2394 401 2425 est,
425 2388 530 2429 ipsius
555 2400 596 2420 ex
619 2388 712 2420 iussu
736 2388 831 2419 illico
849 2387 1008 2418 universa

167 2451 252 2485 gens
282 2441 462 2483 armigera,
494 2451 561 2483 que
584 2442 704 2474 Padue
729 2448 814 2479 erat,
845 2446 880 2472 et
912 2440 1010 2471 multi

167 2495 339 2536 terrigene
356 2493 520 2526 balistarii
536 2494 617 2527 illuc
634 2495 679 2527 ad
696 2494 900 2526 obstandum
917 2493 1008 2524 missi

168 2554 247 2579 sunt
270 2557 346 2579 cum
370 2547 548 2590 armigeris
572 2548 674 2580 etiam
701 2548 744 2580 de
771 2547 933 2579 Ferraria
949 2546 1010 2577 sub

169 2600 282 2642 aquile
299 2600 422 2631 vexilis
437 2600 474 2631 in
489 2602 692 2642 suppedium
710 2602 818 2643 ipsius
835 2600 1011 2642 magnifici

170 2654 301 2686 domini
325 2654 530 2686 transmissis
561 2654 604 2686 ab
637 2655 764 2686 estensi
797 2653 1010 2685 marchione.

171 2707 340 2739 Gentibus
375 2707 499 2750 quibus
533 2707 616 2739 illuc
651 2708 838 2750 perventis,
865 2713 1011 2737 castrum

173 2761 292 2803 Grigni
315 2761 350 2792 in
373 2761 566 2792 montaneis
589 2772 674 2802 rupe
691 2761 761 2792 alta
777 2765 1012 2791 constructum

171 2813 292 2845 itinere
314 2813 422 2845 ferme
445 2813 679 2846 inaccessibili
702 2813 815 2845 subita
841 2822 1011 2844 armorum

171 2866 350 2898 invasione
375 2872 577 2908 temptatum
590 2873 651 2904 est,
669 2867 826 2908 adeoque
844 2872 912 2898 tam
930 2865 1013 2896 forti

264 3035 305 3060 42.
323 3029 443 3052 estensis
464 3029 499 3051 M

308 3143 340 3168 T.
358 3143 445 3175 XVII,
468 3151 492 3176 p.
512 3150 532 3174 1,
554 3143 609 3168 vol.
629 3148 654 3167 11
674 3155 704 3160 ·—
728 3150 754 3173 9.

1065 888 1101 918 10

1067 1153 1102 1183 15

1066 1421 1106 1450 21)

1069 1737 1110 1770 25

1071 2006 1111 2036 30

1074 2272 1112 2303 35

1076 2540 1116 2569 40

1078 2800 1117 2832 45

1474 386 1614 417 REDAZ.
1638 385 1669 415 D

1241 458 1314 492 257.
1341 476 1380 481 ——
1404 456 1463 488 Ma
1487 456 1656 499 stagando
1681 457 1713 487 la
1738 466 1818 487 cosa
1852 456 1925 488 cosi
1961 462 1994 487 et

1152 512 1363 545 habiaudose
1388 520 1555 552 speranca
1584 509 1678 540 della
1706 515 1836 551 treuga,
1863 509 1928 539 che
1959 518 1996 539 se

1153 567 1295 597 dovesse
1312 563 1511 606 prolongas,
1529 572 1629 594 como
1647 573 1682 592 se
1703 572 1860 603 sperava,
1878 562 1886 591 1
1906 568 1998 592 trac-

1153 620 1266 652 tadori
1291 619 1347 650 del
1372 617 1456 649 cluse
1481 616 1639 648 Rodolfo
1664 621 1752 647 sotto
1769 625 1936 656 speranca
1953 615 1996 645 de

1154 672 1406 715 prolongacion
1424 669 1514 702 della
1538 669 1631 701 dicta
1655 669 1799 710 triegua‚
1817 667 1917 699 menb
1935 678 1998 708 per

1155 726 1258 767 longa
1281 726 1291 756 i
1317 724 1418 755 messi
1438 723 1494 755 del
1518 721 1707 764 magnifico
1731 723 1847 762 signor
1873 721 1998 752 mesier

1156 780 1352 811 Francesco
1377 778 1421 809 da
1437 777 1584 809 Carrara
1608 775 1642 806 in
1666 775 1741 805 tina
1764 775 1797 805 la
1820 780 1923 805 nocte
1941 774 1999 806 del

1157 832 1205 869 di,
1230 831 1293 862 che
1320 831 1419 871 passo
1444 830 1475 860 la
1500 829 1644 871 triegua.
1682 828 1743 859 Po'
1760 827 1997 858 incontinente

1156 886 1237 927 quel
1262 885 1362 915 Biaso
1387 885 1430 915 da
1454 883 1673 919 Castelnovo‚
1698 879 1853 912 falsador
1874 880 1917 910 de
1941 890 2000 910 soa

1157 939 1204 974 fe,
1229 936 1515 978 smentegandose
1550 935 1561 965 i
1586 933 1754 966 beneficii
1784 943 1847 974 per
1877 932 2000 964 mesier

1158 991 1354 1022 Francesco
1379 989 1462 1020 sacti
1489 1000 1507 1020 a
1531 988 1579 1019 lui
1604 994 1638 1019 et
1660 999 1680 1019 a
1696 997 1732 1019 so
1748 997 1843 1028 pare,
1861 987 1954 1017 facta
1970 986 2002 1016 la

1124 1046 1126 1051 '
1157 1043 1330 1076 rebellion
1353 1043 1386 1074 al
1410 1043 1503 1074 dicto
1521 1041 1713 1084 magnifico
1736 1040 1855 1082 signer
1874 1046 1907 1071 et
1924 1050 2003 1071 aco—

1159 1098 1321 1128 standose
1357 1095 1413 1128 col
1448 1097 1543 1131 duse,
1575 1094 1704 1126 cerchb
1740 1094 1804 1125 che
1829 1093 1936 1136 quelli
1959 1094 2003 1124 da

1160 1151 1278 1186 Taisia,
1303 1149 1314 1180 i
1338 1149 1431 1191 quali
1457 1159 1515 1179 era
1539 1147 1580 1191 ςὲ,
1603 1154 1654 1179 sta
1678 1153 1768 1179 sotto
1792 1158 1853 1179 soa
1889 1147 2005 1189 signo-

1161 1203 1222 1242 ria‚
1245 1203 1256 1234 i
1280 1204 1377 1234 desse
1405 1202 1435 1232 la
1460 1201 1504 1237 fe,
1530 1201 1561 1232 la
1585 1200 1664 1243 qual
1689 1200 1794 1232 molto
1818 1200 1922 1243 nauci
1948 1200 2005 1231 elli

1161 1258 1272 1287 havea
1284 1265 1460 1297 promessa
1478 1256 1507 1285 al
1526 1255 1715 1297 magnifico
1733 1255 1851 1296 signor
1864 1253 2006 1284 messier

1162 1311 1372 1342 Francesco.
1419 1308 1470 1339 La
1493 1307 1573 1350 qual
1598 1317 1678 1339 cosa
1702 1307 1799 1349 quilli
1823 1307 1867 1338 da
1897 1307 2005 1338 Tasin

1163 1362 1284 1395 recuso
1309 1362 1352 1393 de
1375 1362 1441 1398 tar,
1467 1361 1558 1392 onde
1590 1361 1658 1392 ello
1682 1372 1717 1392 se
1742 1371 1825 1402 pose
1860 1371 1878 1391 a
1902 1361 2006 1391 robar

1163 1416 1259 1458 quilli
1283 1422 1316 1446 et
1341 1415 1372 1445 le
1397 1426 1434 1445 so
1459 1425 1549 1452 cose,
1564 1415 1638 1457 anci
1657 1414 1716 1455 piu
1735 1415 1799 1445 0110
1817 1413 1923 1449 molti,
1942 1414 2007 1444 che

1162 1479 1199 1500 se
1224 1468 1334 1510 tignia
1356 1468 1472 1510 seguri
1497 1468 1532 1498 in
1559 1469 1588 1499 le
1612 1478 1648 1498 so
1681 1478 1756 1497 man
1794 1473 1828 1497 et
1863 1467 1928 1498 che
1965 1476 2007 1508 ge

1164 1523 1276 1554 havea
1299 1528 1398 1562 posto
1422 1521 1454 1552 le
1471 1531 1509 1552 so
1526 1531 1606 1552 cose
1624 1521 1657 1551 in
1674 1520 1816 1562 guarda,
1834 1520 1908 1556 che,
1926 1520 2009 1550 fini-

1165 1577 1210 1608 da
1232 1577 1265 1606 la
1288 1582 1418 1617 treuga,
1437 1575 1504 1605 ello
1519 1585 1563 1617 ge
1580 1574 1668 1605 tolse
1692 1574 1724 1604 le
1749 1573 1840 1605 dicte
1864 1583 1901 1604 so
1918 1583 2008 1611 cose,

1165 1635 1198 1660 et
1211 1628 1553 1669 redoman[dan]dole
1567 1627 1635 1658 ello
1646 1638 1682 1658 se
1698 1626 1744 1658 fe’
1758 1626 1850 1658 beffe
1865 1627 1907 1657 de
1922 1625 2006 1658 loro.

1255 1735 1329 1766 258.
1354 1752 1394 1756 ——
1421 1735 1528 1766 Facte
1553 1739 1674 1775 queste
1699 1743 1778 1765 cose
1802 1743 1864 1774 per
1882 1732 2007 1770 ssiasio,

1168 1799 1266 1821 como
1283 1788 1301 1819 ὲ
1324 1788 1464 1829 scripto,
1481 1798 1542 1828 per
1560 1787 1591 1818 lo
1609 1786 1787 1828 capitanio
1805 1786 1860 1816 del
1877 1785 2009 1828 magni-

1166 1842 1238 1874 fico
1255 1842 1374 1883 ’signor
1399 1841 1538 1872 messier
1563 1840 1759 1871 Francesco
1784 1839 1828 1869 cla
1852 1840 2009 1875 Can-ara,

1168 1896 1199 1926 el
1224 1895 1303 1936 qual
1327 1905 1385 1925 era
1409 1900 1460 1925 sta
1483 1893 1607 1924 manda
1634 1892 1663 1923 1ἱ1
1681 1893 1782 1935 nauci
1801 1892 1832 1923 el
1850 1893 1899 1923 fin
1917 1892 2009 1923 della

1167 1954 1300 1990 treuga,
1326 1954 1359 1978 et
1383 1958 1445 1988 per
1470 1947 1477 1976 i
1496 1947 1584 1984 altri,
1603 1946 1668 1977 che
1685 1956 1720 1976 se
1746 1956 1804 1976 era
1822 1946 1957 1977 reducti
1973 1945 2008 1976 in

1168 2003 1200 2032 la
1224 2001 1333 2032 bastia
1358 1999 1381 2030 11
1405 2010 1471 2031 0011
1496 2000 1527 2031 10
1551 2005 1654 2040 gente
1679 1998 1736 2029 del
1760 1999 1921 2040 predicto
1938 2010 2009 2030 ma-

1168 2055 1300 2098 gnifico
1325 2054 1441 2095 signor
1464 2053 1601 2084 messier
1626 2051 1835 2089 Francesco‚
1853 2052 1889 2083 fo
1914 2052 2008 2083 facta

1168 2108 1382 2145 resistenda,
1407 2112 1533 2148 quanto
1550 2116 1586 2136 se
1601 2115 1696 2147 pose,
1721 2115 1741 2136 a
1757 2105 1930 2147 Federigo
1955 2116 2011 2137 ca-

1168 2162 1298 2193 valiero
1338 2161 1381 2191 de
1416 2159 1677 2196 Greiffenstain,
1706 2158 1879 2199 capitanio
1919 2159 2010 2190 delle

1169 2222 1272 2257 gente
1296 2214 1353 2245 del
1377 2214 1462 2244 duse
1486 2212 1655 2250 Rodolfo‚
1680 2212 1713 2243 el
1743 2212 1822 2254 qual
1853 2211 1968 2254 vignia
1992 2222 2011 2242 a

1169 2270 1365 2301 confermar
1388 2268 1420 2299 el
1441 2266 1648 2297 tradimento
1664 2266 1708 2296 de
1726 2265 1852 2303 Biasio‚
1871 2266 1936 2296 che
1954 2275 2012 2297 era

1171 2322 1212 2365 ca
1235 2323 1342 2357 facto,
1359 2331 1420 2361 per
1436 2320 1537 2350 modo
1555 2319 1620 2349 0110
1637 2318 1657 2348 'l
1676 2320 1770 2350 dicto
1787 2318 1958 2360 Federigo
1976 2319 2013 2350 fo

1171 2375 1285 2407 ferido
1311 2374 1392 2406 d’un
1417 2373 1519 2413 colpo
1544 2373 1586 2403 de
1612 2371 1773 2404 balestro.
1812 2371 1872 2403 Po’
1896 2381 1958 2413 per
1983 2372 2014 2402 10

1172 2428 1263 2461 dicte
1287 2434 1390 2470 gente
1415 2427 1471 2458 del
1489 2427 1583 2457 dicto
1600 2425 1791 2467 magnifico
1808 2425 1926 2467 signor
1943 2436 2013 2456 me-

1171 2483 1238 2513 sier
1260 2481 1469 2518 Fraucesco,
1492 2479 1633 2521 factoge
1656 2489 1755 2510 saver
1778 2485 1897 2520 queste
1920 2488 2013 2516 cose,

1172 2534 1284 2566 subito
1309 2534 1339 2565 el
1363 2533 1489 2564 mando
1515 2532 1545 2563 la
1569 2538 1656 2563 tutte
1681 2532 1712 2563 le
1737 2537 1839 2573 gente
1869 2531 2011 2569 d'arme,

1173 2589 1238 2619 che
1263 2598 1320 2618 era
1343 2598 1363 2618 a
1387 2586 1490 2623 Pava,
1503 2592 1537 2617 et
1561 2586 1672 2616 anche
1692 2584 1784 2616 molti
1803 2585 1935 2616 citadin
1954 2584 2015 2615 ba-

1172 2640 1336 2675 lestrieri3
1350 2639 1407 2681 poi
1424 2639 1455 2671 ie
1469 2639 1593 2670 mandi)
1611 2638 1763 2670 etiandio
1782 2637 1884 2669 molte
1899 2644 2012 2679 gente,

1174 2695 1238 2726 che
1262 2694 1285 2724 ’l
1309 2694 1489 2724 marehese
1513 2691 1611 2723 d'Est
1629 2692 1660 2722 ie
1679 2691 1807 2722 maudo
1826 2691 1861 2721 in
1881 2691 2014 2722 alturio.

1174 2748 1189 2778 Ι
1212 2747 1317 2788 quali,
1342 2745 1435 2788 conti
1459 2746 1496 2782 li,
1516 2745 1628 2777 subito
1647 2744 1702 2775 elli
1724 2754 1759 2775 se
1780 2743 1863 2785 pose
1884 2754 1903 2774 a
1923 2754 2014 2775 corn-

1176 2799 1271 2831 bater
1292 2799 1322 2830 el
1340 2798 1480 2830 castello
1498 2798 1542 2830 de
1563 2798 1707 2840 Grigno,
1727 2797 1758 2829 el
1779 2797 1857 2839 qual
1877 2797 1895 2828 ’0
1916 2804 2013 2838 posto

1174 2864 1213 2883 su
1246 2863 1313 2884 una
1347 2852 1414 2883 alta
1447 2858 1633 2894 montagna
1665 2857 1697 2882 et
1726 2861 1785 2892 per
1817 2850 1872 2881 via
1903 2861 2014 2891 aspra,
