2422 3684
468 253 512 286 84
807 251 980 287 GESTA
1008 251 1313 286 MAGNIFICA
1345 251 1530 287 DOMUS
1559 253 1946 290 CARRARIENSIS

753 383 893 415 REDAZ.
917 383 950 415 A

437 453 591 485 Paduam
616 460 853 486 convenerunt
867 455 887 493 ¹,
919 460 1016 495 parte
1050 453 1213 484 videlicet
1243 464 1285 484 ex

438 508 531 549 regia
561 518 675 539 comes
704 508 891 545 Palatinus,
923 507 1209 549 archiepiscopus
1240 508 1283 539 de

436 560 556 592 Patras
581 567 614 592 et
639 561 868 593 cancellarius
886 562 990 603 regis,
1014 571 1056 591 ex
1081 567 1178 601 parte
1200 571 1282 592 vero

435 613 646 645 Venetorum
672 620 916 656 procuratores
948 614 1016 644 duo
1048 614 1157 644 sancti
1188 613 1282 645 Mar-

437 668 480 698 ci.
520 667 695 700 Mediator
718 668 810 699 inter
826 678 884 699 eos
901 667 1102 709 magnificus
1124 668 1284 699 dominus

436 721 640 754 Franciscus
665 721 707 753 de
731 722 891 753 Carraria
913 727 985 751 erat
1009 720 1053 752 ad
1071 722 1167 762 pacis
1191 731 1284 752 com-
1315 756 1316 760 Ἰ

435 775 658 815 posicionem.
708 774 797 811 Que,
814 775 875 805 etsi
894 780 975 805 tunc
992 774 1113 805 sortita
1129 785 1198 805 non
1216 775 1282 805 fuit

434 827 609 865 effectum,
633 839 702 859 non
725 834 839 859 tamen
867 837 902 858 se
938 832 1112 858 retraxere
1146 827 1282 862 Veneti,

433 881 514 922 quin
538 881 768 923 legationibus
792 880 936 912 assiduis
960 891 1080 922 regem
1102 881 1213 921 ipsum
1238 881 1282 911 ad

433 935 657 965 concordium
682 934 892 966 lacessirent.
939 933 1037 965 Obiit
1061 943 1101 964 eo
1126 939 1281 974 tempore

432 986 590 1019 dominus
613 987 759 1019 Ioannes
784 987 995 1027 Gradonico,
1025 986 1094 1018 dux
1111 986 1282 1018 Venecia-

432 1051 504 1070 rum
518 1040 539 1077 ²,
563 1051 607 1071 ex
633 1050 699 1082 quo
717 1040 929 1071 Venetorum
949 1039 1053 1081 legati
1071 1050 1150 1071 mox
1166 1039 1282 1071 Vene-

432 1093 503 1124 cias
525 1093 682 1129 redeunt,
709 1099 896 1134 creatoque
921 1093 954 1123 in
987 1093 1079 1124 illius
1103 1092 1281 1135 dignitatis

430 1147 575 1189 gradum
598 1145 737 1178 domino
763 1147 915 1177 Iohanne
945 1146 1091 1184 Destino,
1118 1157 1281 1187 procura-

430 1205 505 1230 tore
541 1199 663 1230 Sancti
699 1199 821 1235 Marci‚
858 1206 1009 1241 tuncque
1045 1200 1080 1230 in
1119 1200 1279 1231 Tarvisio

430 1251 618 1292 provisore,
642 1252 771 1292 placuit
795 1251 937 1282 Venetis
961 1262 1077 1294 regem
1101 1252 1278 1294 legacione

430 1306 631 1346 deposcere,
655 1305 747 1348 quod
772 1305 822 1336 eis
855 1305 987 1343 liceret,
1020 1317 1088 1338 non
1121 1307 1277 1338 obstante

428 1369 552 1400 guerre
577 1361 733 1400 strepitu,
759 1360 881 1390 ducem
914 1370 1010 1390 suum
1038 1371 1138 1401 posse
1164 1360 1279 1391 Vene-

428 1413 500 1443 cias
524 1411 567 1443 de
592 1412 751 1443 Tarvisio
776 1412 956 1444 reducere.
1004 1412 1139 1450 Quibus
1155 1413 1279 1453 legatis

428 1474 490 1505 per
514 1465 662 1497 barones
685 1465 801 1508 regios
827 1476 1024 1507 responsum
1050 1473 1114 1497 est:
1152 1467 1166 1482 ⁴⁶
1183 1466 1278 1503 Quo-

432 1518 563 1549 “modo
587 1519 659 1560 regi
683 1518 836 1561 graciam
862 1519 988 1560 petitis,
1017 1520 1071 1550 cni
1103 1519 1275 1551 iusticiam

431 1572 668 1614 “denegatis?
689 1595 716 1612 „.
763 1572 980 1604 Procedente
1017 1584 1100 1604 vero
1138 1584 1276 1616 guerra,

427 1631 463 1656 ut
490 1625 619 1657 dictum
653 1633 714 1663 est,
739 1627 974 1668 llungaroqne
1006 1627 1113 1658 milite
1146 1627 1278 1658 tarvisi-

426 1689 504 1710 num
536 1678 645 1710 solum
676 1680 830 1722 undique
863 1686 1027 1716 vastante,
1058 1680 1131 1721 regi
1164 1680 1276 1711 animo

424 1732 526 1763 subiit
551 1733 640 1763 velle
664 1732 710 1763 ad
735 1733 875 1774 propria
899 1734 1026 1770 redire,
1058 1733 1275 1774 dimissisque

426 1786 519 1816 circa
553 1786 747 1817 Tarvisium
783 1786 892 1827 copiis
924 1792 1131 1818 armatorum
1146 1786 1167 1827 ³,
1200 1798 1277 1818 ver-

424 1849 496 1870 sum
520 1838 644 1870 flumen
670 1839 785 1870 Plavis
818 1840 936 1882 dirigit
966 1840 1041 1870 iter.
1089 1840 1193 1871 Cuius
1224 1851 1276 1872 re-

423 1902 524 1923 cessu
555 1892 770 1933 stupefactus
809 1893 918 1924 omnis
958 1893 1142 1934 Hungarus
1177 1894 1275 1925 miles

424 1945 533 1985 ipsum
560 1956 602 1977 ex
627 1946 813 1987 improviso
837 1952 974 1978 secutus
999 1952 1059 1982 est,
1092 1947 1273 1988 statimque

424 1998 562 2035 Veneti,
580 1999 739 2041 gencium
758 2010 895 2030 suarum
914 2006 982 2030 tam
1002 2000 1152 2041 equitum
1171 2011 1272 2041 qnam
1306 2000 1307 2036 ἒ

422 2052 578 2092 peditum
603 2052 696 2083 omni
722 2053 938 2083 multitudine
964 2059 1187 2094 congregata,
1214 2054 1274 2083 du-

423 2115 497 2136 cem
523 2115 619 2136 suum
645 2105 688 2136 de
713 2105 872 2136 Tarvisio
905 2105 1078 2137 Venecias
1109 2107 1273 2137 aduxere.

422 2159 500 2190 Rex
538 2169 620 2190 vero
661 2159 792 2190 dierum
830 2159 930 2190 trium
968 2159 1160 2201 Coneglani
1197 2170 1274 2199 per-

421 2218 532 2244 tracta
556 2222 662 2247 mora,
687 2211 797 2243 divisa
818 2223 880 2252 per
903 2213 1050 2254 aquisita
1082 2212 1160 2243 loca
1191 2222 1274 2253 gen-

422 2266 503 2296 tium
529 2266 719 2307 quantitate
744 2266 927 2296 sufficienti
950 2271 1019 2296 tam
1053 2267 1098 2298 ad
1122 2266 1272 2297 Tarvisii

420 2319 678 2360 oppressionem
705 2330 806 2360 quam
831 2319 874 2350 ad
901 2319 1051 2360 ipsorum
1082 2321 1272 2352 custodiam

420 2370 586 2407 locorum,
612 2382 674 2412 per
699 2372 865 2403 Sacillum
883 2373 1052 2404 transiens
1070 2372 1114 2404 ad
1133 2373 1273 2414 propria

420 2425 596 2456 remeavit.
643 2424 714 2455 Sed
732 2435 799 2456 non
816 2432 929 2466 potest
948 2425 1103 2457 Venetiis
1119 2426 1163 2457 de
1180 2427 1272 2468 regis

419 2488 558 2509 recessu
583 2478 769 2520 quicquam
794 2479 945 2519 gloriari,
970 2489 1049 2510 nam
1075 2480 1188 2521 copie,
1204 2490 1270 2521 que

510 2639 550 2664 35.
571 2632 676 2655 divisis
697 2632 733 2655 A!

1350 876 1387 906 10

1347 1138 1382 1169 15

1342 1405 1382 1435 20

1340 1671 1379 1701 25

1338 1936 1379 1967 30

1337 2201 1376 2233 35

1337 2466 1377 2496 40

533 2753 539 2768 ¹
560 2753 699 2782 Corvi-us..
722 2753 860 2782 Chronica,
880 2752 928 2781 XI,
947 2754 976 2777 8:
1006 2754 1083 2778 “Die
1111 2761 1129 2777 v
1156 2755 1259 2778 mensis
1286 2761 1334 2778 au-

444 2796 555 2826 “gnsti‚
587 2797 699 2819 fuerunt
725 2795 819 2818 Padue
845 2795 929 2826 legati
960 2797 1041 2827 regis,
1067 2804 1159 2820 comes
1180 2796 1333 2828 palatinus,

444 2837 696 2868 “archiepiscopus
722 2836 841 2860 l‘atrasii
869 2840 895 2859 et
922 2837 1110 2861 cancellarius
1138 2839 1219 2869 regis,
1249 2838 1334 2869 legati

401 2884 414 2908 5
444 2877 456 2889 ¹‘
471 2879 659 2903 Venetiarnm.
696 2878 750 2901 Pro
772 2885 838 2908 pace
852 2879 992 2903 mediator
1007 2879 1063 2902 suit
1081 2879 1214 2903 (lominus
1234 2879 1335 2908 Padue,

444 2921 519 2950 “que
540 2927 598 2944 non
619 2921 716 2951 potuit
736 2920 862 2951 expediri
876 2938 899 2950 ,..

530 2960 541 2976 ²
563 2961 698 2989 Conrus„
727 2962 865 2992 Chronica,
891 2962 937 2992 XI⁷
962 2962 992 2985 S:
1023 2963 1100 2986 “Die
1125 2969 1232 2992 xxvnr,
1259 2962 1333 2985 obiit

445 3002 456 3015 ‘¹
470 3003 533 3027 Dux
555 3003 738 3027 Venetiarum
766 3006 793 3027 et
812 3005 931 3035 eligitur
949 3005 1005 3028 dux
1023 3005 1143 3028 Ioannes
1164 3004 1332 3036 Delphinus,

1770 386 1910 418 REDAz.
1935 386 1971 418 D

1446 453 1482 484 fa
1506 460 1625 496 queste
1649 465 1728 488 cose
1753 462 1788 488 et
1812 458 1875 488 che
1900 456 1921 487 'l
1946 468 1982 488 re
2000 467 2065 488 con
2082 457 2112 488 le
2128 467 2165 488 so
2181 463 2287 500 gente

1446 512 1480 537 et
1503 517 1568 539 con
1593 507 1738 540 l'alturio
1764 515 1887 552 aconto
1912 511 1968 541 del
1993 509 2188 542 sovradicto
2215 521 2285 542 ma-

1444 560 1572 602 gnifico
1588 562 1711 593 mesier
1728 563 1926 594 Francesco
1950 563 1994 593 da
2011 563 2158 595 Carrara
2174 563 2288 594 inten-

1446 613 1488 643 de
1512 624 1532 643 a
1555 619 1641 645 tutta
1661 625 1720 646 soa
1744 626 1844 656 possa
1868 615 1935 646 alla
1957 626 2058 657 presa
2082 616 2125 647 de
2149 616 2285 648 Triviso

1445 671 1480 697 et
1503 667 1567 698 che
1592 667 1658 698 ello
1683 679 1718 699 se
1743 669 1897 710 affadiga
1929 669 2035 700 molto
2072 669 2108 699 in
2144 669 2199 699 far
2232 669 2287 700 far

1443 718 1529 760 gatti
1555 725 1590 750 et
1605 721 1681 752 altri
1698 720 1834 758 edificii,
1856 722 1950 762 plase
1968 733 1987 753 a
2004 721 2128 752 mesier
2144 722 2178 752 10
2195 731 2286 763 papa

1443 771 1487 802 de
1511 773 1654 804 alleviat
1670 774 1764 813 quilli
1783 775 1826 805 da
1845 774 1995 806 Venesia
2013 775 2057 805 da
2073 780 2169 805 tanta
2184 784 2285 816 guer-

1443 835 1489 861 ra,
1506 836 1542 857 se
1560 826 1629 857 ello
1654 837 1821 868 possesse.
1861 827 1904 859 Et
1926 828 2171 858 incontenente
2191 838 2284 858 man-

1442 878 1486 909 do
1510 889 1622 910 meser
1646 880 1867 922 Boncuanne,
1891 890 2040 912 vescovo
2068 881 2110 912 de
2145 879 2283 917 Fermo,

1441 940 1478 962 so
1503 932 1708 964 ambaxaore
1740 933 1850 974 prima
1885 945 1904 964 a
1936 933 2078 965 Vinesia
2109 940 2143 965 et
2173 934 2229 974 po’
2263 944 2283 964 a

1440 994 1552 1016 meser
1568 984 1599 1017 lo
1616 996 1664 1016 re.
1699 985 1766 1017 Per
1784 986 1815 1017 lo
1832 986 1961 1018 effecto
1980 986 2072 1018 della
2088 986 2167 1028 qual
2186 996 2282 1027 pase,

1439 1046 1475 1067 se
1500 1037 1566 1068 ella
1590 1038 1741 1079 possibel
1765 1039 1868 1076 fosse,
1892 1040 1924 1071 le
1950 1045 2046 1081 parte
2062 1049 2097 1071 se
2112 1039 2281 1070 conviene

1439 1100 1459 1120 a
1482 1089 1585 1128 Pava,
1610 1091 1672 1133 ‚co'e
1698 1102 1760 1133 per
1789 1092 1820 1123 la
1852 1098 1948 1133 parte
1975 1093 2031 1124 del
2056 1102 2092 1124 re
2117 1092 2150 1123 el
2181 1099 2281 1123 conte

1439 1142 1568 1183 palatin
1593 1151 1626 1175 et
1650 1145 1901 1176 l'arcivescovo
1926 1146 1970 1176 de
1995 1145 2125 1186 Patras,
2152 1145 2183 1176 el
2202 1155 2283 1176 can-

1439 1196 1566 1227 celiero
1592 1197 1649 1228 del
1674 1198 1769 1229 dicto
1798 1209 1846 1235 re,
1878 1204 1911 1228 et
1934 1209 1996 1239 per
2033 1198 2064 1228 la
2103 1203 2200 1239 parte
2236 1197 2280 1229 de

1439 1248 1536 1290 quilli
1561 1250 1606 1281 da
1631 1250 1780 1282 Venesia
1804 1252 1848 1282 du
1873 1251 2099 1292 procuradori
2135 1251 2179 1282 de
2211 1250 2281 1282 San

1440 1302 1568 1339 Marco,
1593 1308 1627 1334 et
1651 1304 1813 1345 mecador
1830 1309 1881 1335 tra
1906 1304 1963 1334 elli
1987 1305 2018 1334 el
2036 1304 2220 1346 magnifico
2239 1303 2282 1335 si-

1438 1364 1523 1395 gnor
1539 1356 1664 1386 mesier
1681 1356 1875 1388 Francesco
1900 1357 1944 1388 da
1961 1357 2109 1388 Carrara
2126 1356 2169 1388 ad
2188 1367 2278 1388 com-

1438 1408 1593 1448 posicion
1619 1408 1711 1440 della
1735 1409 1823 1441 ditta
1846 1419 1940 1450 pase.
1980 1410 2030 1441 La
2058 1411 2157 1451 quale
2186 1415 2220 1440 et
2243 1420 2278 1440 se

1439 1471 1502 1501 pur
1524 1461 1634 1492 allora
1658 1462 1766 1493 havet
1790 1473 1833 1494 no
1868 1463 1968 1504 posse
2004 1463 2139 1499 efi'etto‚
2174 1472 2277 1504 ampo

1437 1523 1481 1544 no
1505 1524 1540 1545 se
1564 1520 1710 1546 tetrasse
1735 1515 1831 1557 quilli
1855 1516 1899 1547 da
1928 1515 2080 1552 Vinesia,
2113 1515 2178 1547 che
2211 1526 2276 1547 con

1437 1567 1596 1598 continue
1609 1568 1805 1600 ambaxarie
1823 1568 1881 1600 elli
1897 1579 1941 1600 no
1958 1579 2165 1610 provocasse
2184 1568 2215 1599 el
2240 1578 2278 1600 re

1436 1631 1455 1650 a
1480 1631 1571 1661 pase.
1618 1621 1656 1652 In
1674 1622 1751 1663 quel
1769 1627 1885 1663 tempo
1910 1623 1994 1653 mori
2012 1622 2136 1653 mesier
2159 1622 2277 1667 (juane

1437 1673 1645 1717 Gradenigo‚
1669 1675 1757 1706 duxe
1783 1676 1826 1708 de
1853 1675 2016 1711 Vinesia;
2040 1686 2102 1717 per
2118 1676 2150 1707 la
2167 1673 2276 1707 morte

1436 1727 1492 1758 del
1515 1728 1596 1769 qual
1620 1729 1629 1758 i
1655 1729 1854 1760 ambaxaori
1879 1729 1922 1760 de
1948 1729 2046 1770 quilli
2063 1730 2106 1761 da
2127 1729 2278 1760 Venesia

1435 1780 1461 1810 si
1492 1780 1620 1812 ritorno
1653 1792 1672 1812 a
1703 1791 1793 1813 casa.
1840 1781 1900 1812 Ma
1932 1782 2060 1813 creado
2086 1782 2176 1813 duxe
2208 1791 2278 1812 me-

1434 1833 1501 1864 sier
1532 1833 1674 1876 (Juanne
1706 1835 1830 1873 Dolfin‚
1862 1835 2097 1876 procuradore
2131 1835 2175 1866 de
2207 1835 2277 1866 San

1435 1886 1555 1918 Marco
1579 1894 1613 1918 et
1637 1887 1744 1919 allora
1768 1897 1916 1929 proveor
1940 1888 1972 1918 in
1998 1888 2145 1925 Triviso,
2170 1888 2277 1930 quelli

1434 1941 1478 1971 da
1504 1940 1652 1971 Venesia
1675 1951 1738 1982 per
1756 1951 1815 1972 soa
1839 1940 2035 1973 ambaxaria
2059 1940 2184 1972 mando
2201 1950 2278 1982 pre-

1432 1993 1545 2035 gando
1569 2003 1590 2023 a
1613 1993 1738 2025 mesier
1762 1994 1794 2025 lo
1819 2005 1854 2024 re
1880 1993 1957 2031 che,
1981 2003 2025 2025 no
2050 1994 2220 2025 obstando
2245 1994 2278 2025 la

1433 2056 1566 2088 guerra,
1590 2047 1602 2077 i
1624 2057 1779 2087 possesse
1804 2053 2046 2089 seguramente
2072 2047 2228 2078 condure
2246 2047 2279 2078 el

1431 2109 1468 2131 so
1493 2100 1576 2130 duse
1601 2099 1645 2130 da
1677 2099 1815 2130 Triviso
1840 2110 1860 2130 a
1895 2100 2058 2131 Venesia.
2105 2100 2151 2131 Ai
2183 2100 2276 2141 quali

1431 2152 1629 2183 ambaxaori
1654 2153 1690 2184 fo
1715 2159 1870 2194 resposto
1895 2163 1956 2193 per
1979 2153 1989 2184 i
2015 2152 2135 2184 baroni
2153 2151 2210 2184 del
2229 2163 2276 2190 re,

1432 2215 1528 2237 como
1564 2205 1780 2236 domandava
1811 2206 1928 2247 gracia
1964 2206 1996 2236 al
2033 2216 2080 2242 re,
2113 2206 2272 2247 negando

1431 2259 1489 2302 luy
1507 2258 1620 2300 quello
1637 2261 1703 2290 che
1724 2258 1740 2289 ὲ
1759 2259 1856 2290 iusto.
1892 2258 1951 2289 Ma
1969 2269 2032 2300 pur
2050 2259 2275 2299 procedando

1431 2313 1463 2343 la
1487 2322 1622 2354 guerra,
1655 2322 1754 2343 como
1783 2312 1800 2342 ὲ
1834 2312 1941 2349 dicto,
1974 2318 2007 2343 et
2042 2312 2275 2344 descorrando

1430 2364 1598 2407 iOngari
1627 2365 1657 2396 el
1683 2371 1798 2395 terren
1832 2365 1974 2395 trivisan
2007 2375 2069 2406 per
2101 2365 2183 2406 ogni
2214 2374 2275 2396 soa

1431 2424 1538 2459 parte,
1562 2417 1594 2448 al
1622 2428 1658 2448 re
1685 2427 1797 2449 venne
1823 2417 1857 2447 in
1883 2428 2003 2449 anemo
2029 2419 2071 2449 de
2098 2418 2193 2449 voler
2223 2427 2277 2449 re-

1430 2471 1559 2512 patriat
1590 2471 1623 2501 in
1656 2470 1832 2512 Hongaria
1863 2477 1908 2507 et,
1937 2471 2071 2502 lassade
2104 2471 2136 2501 le
2170 2476 2276 2512 gente

1392 2754 1461 2784 “qui
1484 2756 1550 2777 tum·
1577 2756 1636 2777 erat
1663 2754 1773 2777 clausus
1802 2756 1828 2777 in
1856 2755 2000 2778 Tarvisim
2026 2755 2085 2778 Rex
2108 2763 2169 2779 cum
2191 2756 2280 2780 libere

1392 2795 1404 2808 κ
1417 2803 1479 2819 cum
1498 2796 1606 2819 honore
1627 2796 1666 2818 ire
1686 2796 1815 2826 permisit
1838 2797 1971 2820 Venetias
1984 2813 2004 2825 „.

1478 2835 1488 2851 ³
1508 2836 1644 2862 CORTUs..
1667 2839 1804 2864 Chronica.
1833 2838 1877 2865 XI,
1903 2838 1931 2861 S:
1962 2839 2090 2862 “Eodem
2118 2847 2212 2863 mense
2231 2847 2278 2864 rex

1391 2878 1404 2890 “
1415 2880 1556 2909 equitavit
1576 2879 1789 2910 Coniglianum,
1806 2880 1903 2904 relicta
1918 2884 1997 2912 partv
2012 2882 2052 2904 sui
2067 2883 2217 2909 exercitus,
2231 2883 2276 2913 qui

1389 2920 1575 2943 “Tarvisium
1596 2921 1723 2951 graviter
1745 2921 1912 2945 infestabat:
1935 2926 2031 2953 postea
2053 2924 2107 2946 ivit
2128 2925 2156 2946 in
2185 2923 2280 2955 Unga-

1391 2961 1403 2974 “
1416 2962 1485 2985 riam
1497 2979 1521 2992 η.

2311 2806 2342 2823 10

2404 3486 2422 3684 mun-§.⁴1
2407 3432 2418 3455 e
2407 3364 2418 3419 μιν-.-
2408 3230 2418 3349 ,Ἀῶ-κ
