2422 3684
484 231 658 267 GESTA
686 232 991 269 MAGNIFICA
1019 234 1203 270 DOMUS
1237 234 1624 271 CARRARIENSIS
1948 238 1967 273 5

131 373 172 394 ac
196 364 358 405 prudenS,
375 364 437 396 sed
454 374 574 405 parum
599 365 870 396 detractatorum
893 372 1036 398 amator.
1083 365 1197 403 Quam
1223 367 1340 408 plures
1356 367 1600 408 imperatorum
1626 374 1763 399 secutus
1787 369 1969 405 exercitus,

131 416 390 448 Carrariensem
414 417 607 458 prosapiam
633 417 755 459 opibus
779 428 820 449 ac
844 418 951 450 titulis
975 419 1166 461 ampliavit,
1193 431 1235 450 ex
1259 430 1327 462 quo
1352 420 1474 451 merite
1503 419 1671 451 Millenus
1702 421 1908 462 appellatus,
1934 422 1968 453 id

131 475 183 502 est
206 470 261 502 vir
285 481 328 501 ex
351 469 488 502 milibus
511 481 610 502 unus.

799 561 860 593 IV.
885 579 928 584 -—
949 562 1118 594 Dominus
1143 562 1331 595 Mar-silius.

85 652 103 685 5
218 656 248 685 4.
273 653 350 695 [12].
375 672 416 676 ——
445 653 544 686 Anno
569 653 699 687 domini
722 654 906 686 millesimo
931 662 1079 687 centeno
1105 656 1314 688 duodecimo
1338 656 1475 688 Milloni
1501 657 1588 698 patri
1612 657 1648 688 in
1672 663 1784 688 castro
1808 657 1968 689 Carrarie

125 708 294 739 successit
309 707 329 739 ¹.
376 707 471 739 Patri
494 708 530 739 in
561 706 716 739 omnibus
747 707 874 744 similis,
899 714 951 739 set
974 709 1166 750 prudencia
1194 710 1313 747 maior,
1344 710 1461 741 hostes
1484 721 1582 741 sensu
1612 717 1646 741 et
1670 710 1800 742 viribus
1824 711 1967 749 attrivit,

126 759 284 803 largiflua
307 771 410 802 opum
435 771 570 792 suarum
594 760 800 792 liberalitate
825 772 1000 792 numerum
1019 763 1112 793 auxit
1129 762 1330 800 amicorum,
1347 763 1521 795 laboreria
1538 773 1579 794 ac
1601 763 1740 795 edificia
1756 764 1863 795 multa
1880 773 1963 795 con-

126 814 259 851 struxit,
284 814 422 846 servens
446 815 558 855 patrie
583 820 616 845 et
632 814 714 845 iuris
731 820 873 852 amator,
890 815 1140 847 venacionibus
1156 821 1190 847 et
1206 816 1358 857 aucupio
1376 817 1580 848 delectatus.
1615 817 1830 849 Monasterio
1847 818 1957 849 sancti

126 866 278 899 Steffani
303 867 442 909 papalia
465 867 649 910 privilegia
673 872 709 898 et
731 867 973 900 iurisdiciones
996 868 1187 901 adinvenit.
1235 869 1287 902 Ex
1312 870 1443 902 difficili
1467 870 1512 902 ad
1535 871 1620 902 iram
1651 870 1867 908 movebatur,
1902 870 1962 902 sed

124 921 182 953 vix
204 921 336 952 sciebat
353 921 457 952 iratus
474 931 634 962 parcere:
659 921 867 953 scientificos
884 923 1011 953 amavit
1027 922 1218 965 horumque
1236 924 1379 954 consilio
1396 923 1546 955 libenter
1561 924 1705 956 adhesit.
1731 925 1837 956 Cuius
1855 925 1958 956 vitam

125 980 158 1006 et
180 974 343 1016 ingencia
367 974 463 1006 facta
486 974 520 1005 in
543 974 680 1005 meliori
704 974 773 1005 vite
806 980 897 1006 etate
930 985 1019 1006 mors
1051 976 1236 1016 repentina
1259 976 1426 1018 perrupit.
1472 977 1584 1008 Heros
1615 977 1677 1009 iste
1709 978 1796 1009 nulli
1826 989 1965 1021 magna—

121 1032 191 1059 tum
216 1026 377 1059 Marchie
400 1027 511 1059 tocius
534 1028 787 1068 possessionum
813 1027 879 1058 fuit
902 1027 1122 1060 multitudine
1145 1030 1330 1061 secundus.

65 922 101 952 10

124 1170 167 1202 V.
199 1188 238 1193 —-
270 1170 412 1202 Domini
441 1170 625 1211 Henricus,
658 1171 846 1211 Mamilius,
883 1169 1028 1202 Uberum
1052 1175 1084 1202 et
1119 1171 1296 1214 Ugolonus
1332 1174 1507 1214 germani,
1545 1173 1769 1220 Henrzfonus,
1802 1175 1964 1218 Litolftcs,

215 1223 415 1255 Gumbertus
437 1224 611 1265 germani.

212 1317 242 1350 5.
268 1318 345 1359 [14].
371 1336 412 1340 -
438 1319 540 1350 Anno
566 1318 697 1350 domini
724 1318 906 1350 millesimo
939 1318 1072 1351 CXIIII
1096 1320 1338 1361 suprascriptis
1362 1320 1510 1352 dominis
1534 1321 1576 1352 de
1600 1321 1760 1353 Carraria
1786 1333 1963 1354 successe-

124 1378 202 1403 runt
215 1371 238 1404 ².
285 1373 366 1404 Non
388 1373 500 1404 minus
524 1382 626 1414 quam
650 1372 818 1404 avitarum
843 1383 945 1413 opum
969 1383 1106 1404 suorum
1130 1373 1329 1414 ingencium
1355 1385 1394 1404 ac
1427 1373 1622 1406 liberalium
1654 1375 1803 1407 heredes
1830 1376 1962 1408 animo-

121 1436 206 1459 rum.
234 1425 333 1468 equis
357 1430 390 1456 et
413 1425 515 1456 armis
539 1425 717 1463 delectati,
742 1425 882 1467 prodigi
907 1436 1009 1466 opum
1041 1436 1190 1463 suarum,
1222 1426 1344 1467 quibus
1371 1427 1498 1458 ceteris
1525 1427 1794 1468 preeminebant
1817 1429 1960 1466 civibus,

121 1478 377 1520 expenditoreS.
425 1478 501 1510 Viri
525 1479 642 1520 utique
666 1479 710 1510 ab
734 1479 855 1510 emulis
879 1479 1060 1510 formidati
1081 1479 1157 1509 iura
1174 1480 1284 1510 sancti
1307 1479 1455 1511 Steffani
1475 1481 1518 1511 de
1536 1480 1695 1512 Carraria
1719 1487 1753 1512 et
1775 1492 1953 1513 numerum

123 1537 290 1564 auxerunt
313 1532 514 1570 amicorum,
538 1533 802 1575 peregrinantes
825 1543 1071 1574 quoscumque,
1095 1533 1262 1574 precipue
1286 1532 1432 1570 nobiles,
1456 1533 1613 1574 hospicio
1644 1534 1793 1566 libenter
1818 1535 1959 1577 proprio

123 1591 361 1626 susceperunt,
385 1585 523 1627 imperii
547 1586 621 1617 iura
639 1585 673 1616 in
688 1585 797 1627 patria
813 1586 1058 1624 defenderunt,
1076 1586 1131 1616 cui
1149 1593 1182 1617 et
1198 1586 1328 1617 amicos
1345 1592 1503 1627 potentes
1520 1598 1560 1617 ac
1577 1586 1714 1618 nobiles
1738 1588 1959 1620 addiderunt.

123 1639 176 1670 Ex
200 1649 268 1681 quo
292 1638 327 1670 in
346 1639 641 1671 remuneracionis
657 1639 826 1681 premium
844 1638 878 1670 in
895 1638 1117 1681 subsequenti
1134 1640 1245 1671 forma
1261 1640 1303 1670 ab
1319 1640 1528 1681 imperatore
1554 1640 1708 1672 Henrico
1725 1641 1961 1674 iurisdicionis

125 1692 346 1725 obtinuerunt
370 1692 591 1736 privilegium
605 1691 628 1723 ³.

59 1587 100 1617 20

212 1797 237 1824 6.
257 1797 323 1833 [15].
344 1812 377 1817 -——
399 1800 430 1823 In
452 1801 567 1824 nomine
586 1801 682 1824 sancte
696 1802 722 1823 et
740 1801 887 1824 individue
907 1800 1071 1824 Trinitatis.
1108 1800 1254 1830 Henricus,
1269 1801 1368 1824 divina
1384 1802 1495 1824 favente
1509 1800 1668 1830 elementia,
1681 1803 1804 1832 quartus,
1818 1801 1962 1826 Romano-

125 1852 184 1868 rum
206 1845 361 1876 imperator
389 1846 533 1876 augustus.

123 1888 181 1912 fieri
202 1889 341 1920 volumus,
363 1889 485 1920 qualiter
500 1896 561 1916 nos.
576 1890 738 1913 interventu
753 1892 781 1913 et
795 1890 939 1921 peticione
954 1891 1114 1913 nostrorum
1130 1889 1251 1913 fidelium
1268 1890 1419 1913 Burchardi
1437 1891 1669 1913 monasteriensis
1684 1892 1818 1922 episcopi.
1840 1891 1961 1916 octonis

571 1844 711 1868 Omnibus
737 1844 845 1868 Christi
869 1846 1019 1876 nostrique
1043 1846 1153 1876 imperii
1182 1845 1309 1868 fideli-bus
1335 1847 1392 1868 tam
1419 1846 1595 1876 presentibus
1622 1854 1704 1876 quam
1732 1847 1837 1869 futuris
1860 1849 1958 1870 notum

124 1933 369 1964 bavembergensis
389 1935 525 1965 episcopi,
546 1934 671 1957 Erlunibi
694 1934 932 1965 werceburgensis
952 1935 1088 1965 episcopi,
1111 1934 1261 1958 Godesridi
1283 1935 1403 1966 palatini
1426 1935 1547 1959 comitis.
1568 1935 1731 1964 Berengarii
1746 1937 1866 1963 comitis,
1886 1936 1961 1959 Hen-

124 1978 211 2001 ricum
230 1979 257 2001 et
276 1986 391 2002 uxorem
405 1985 483 2002 suam
498 1979 657 2007 Adelasam,
678 1979 846 2007 Marsilium,
866 1979 1021 2002 Hubertum
1041 1982 1067 2002 et
1082 1980 1261 2010 Hngolonem
1281 1986 1439 2011 germanos,
1458 1979 1658 2009 lIenriconem,
1678 1979 1817 2003 Litolfum
1833 1982 1859 2004 et
1874 1980 1958 2004 Gum-

122 2023 229 2046 bertum
243 2030 400 2054 germanos,
419 2031 480 2046 cum
501 2023 639 2047 uxoribus
658 2025 686 2047 et
705 2024 854 2047 heredibus
876 2024 1001 2048 illorum.
1021 2031 1092 2054 quos
1113 2024 1156 2047 vel
1177 2031 1245 2054 quas
1266 2024 1369 2047 habent
1390 2024 1432 2046 vel
1454 2024 1577 2046 habituri
1599 2026 1672 2048 sunt.
1692 2026 1720 2047 ct
1734 2025 1895 2055 specialiter
1914 2033 1959 2049 ca-

121 2068 218 2095 strum,
241 2068 315 2098 quod
336 2070 455 2091 vocatur
478 2068 620 2094 Carraria.
649 2076 709 2091 cuni
731 2068 862 2091 omnibus
881 2068 999 2091 allodiis
1019 2071 1047 2092 et
1072 2068 1215 2092 beneficiis
1242 2069 1400 2095 libellariis,
1428 2068 1563 2099 precariis
1588 2070 1614 2091 et
1641 2075 1700 2091 curn
1729 2070 1859 2093 omnibus
1881 2071 1962 2095 rebus

58 2108 93 2135 30
123 2111 275 2136 mobilibus
295 2113 321 2135 et
342 2112 545 2141 immobilibus,
563 2114 654 2136 servis
674 2115 700 2136 et
720 2113 846 2141 ancillis,
872 2120 923 2143 que
950 2121 1023 2137 nunc
1049 2113 1154 2137 habent
1184 2114 1225 2137 vol
1253 2114 1375 2136 habituri
1405 2114 1474 2139 sint;
1504 2113 1617 2143 insuper
1642 2115 1729 2136 eciam
1755 2116 1957 2138 monasterium

124 2157 213 2178 sancti
234 2155 359 2185 Steffani,
380 2164 440 2179 cum
462 2157 596 2180 omnibus
617 2157 707 2186 rebus,
727 2164 796 2187 quas
816 2165 890 2180 nunc
911 2157 1016 2180 habent
1037 2158 1081 2180 vel
1103 2159 1130 2180 in
1154 2159 1256 2181 suturis
1275 2159 1418 2187 acquirere
1438 2157 1580 2187 poterunt,
1602 2157 1630 2179 in
1650 2158 1846 2181 mundiburdii
1866 2160 1955 2182 nostri

122 2199 247 2224 tuicione
263 2202 447 2232 suscepimus,
467 2202 518 2224 hac
535 2202 668 2225 videlicet
688 2202 859 2225 condicione
873 2205 903 2225 ut
919 2201 1014 2225 nullus
1030 2202 1165 2226 marchio.
1181 2210 1272 2226 fornes
1288 2202 1329 2225 vel
1344 2203 1506 2227 vicecomes,
1527 2201 1680 2225 scultacius
1694 2202 1738 2226 vel
1753 2204 1959 2233 vicedominus,

121 2244 263 2274 gastaldus
283 2245 327 2268 vel
341 2245 473 2274 decanus,
494 2246 538 2269 vel
553 2247 640 2269 eciam
664 2247 722 2278 ipse
737 2247 885 2278 episcopus
899 2254 945 2270 eos
966 2247 1098 2278 deinceps
1119 2247 1277 2276 molestare,
1299 2248 1455 2277 inquietare
1474 2247 1517 2270 vel
1538 2246 1678 2270 desvetire
1700 2248 1743 2271 vel
1763 2248 1799 2271 ad
1820 2248 1955 2279 placitum

120 2288 229 2312 trahere
248 2297 362 2320 usquam
383 2291 512 2313 homines
530 2297 616 2321 super
636 2291 710 2314 bona
730 2298 826 2314 eorum
847 2291 1010 2314 habitantes
1036 2292 1148 2318 audeat,
1176 2292 1219 2314 vcl
1241 2292 1362 2322 aliquam
1388 2292 1527 2322 publicam
1553 2293 1729 2316 functionem
1752 2293 1850 2318 facere,
1869 2294 1905 2321 et,
1925 2295 1955 2316 ut

57 2329 90 2355 35
122 2332 284 2356 molendina
305 2334 333 2356 in
348 2334 511 2357 fluminibus
532 2335 614 2358 terris
635 2335 750 2358 illorum
772 2335 967 2358 adiacentibus
988 2335 1108 2358 licenter
1121 2335 1259 2362 vilificent,
1273 2336 1388 2358 firmiter
1409 2337 1586 2367 precipimus.
1625 2336 1653 2359 Si
1674 2337 1737 2366 quis
1756 2338 1847 2359 autem
1874 2336 1956 2361 huius

120 2378 211 2400 nostri
230 2378 423 2402 mundiburdii
445 2380 607 2410 preceptum
628 2379 787 2411 infregerit,
804 2380 876 2403 sciat
896 2386 923 2403 se
943 2381 1166 2411 compositurum
1189 2380 1267 2402 mille
1287 2380 1373 2402 libras
1394 2382 1537 2411 purissimi
1559 2381 1627 2408 nuri,
1648 2380 1827 2404 medietatem
1847 2388 1954 2404 caluere

123 2422 226 2451 nostre,
245 2423 422 2446 medietatem
443 2423 580 2454 predictis
600 2424 762 2446 hominibus
781 2431 931 2454 eorumque
951 2424 1107 2447 heredibus.
1148 2424 1183 2447 t't
1203 2426 1293 2447 autem
1309 2424 1361 2447 hoc
1382 2431 1475 2447 verum
1496 2432 1554 2448 esse
1574 2425 1704 2449 credatur
1724 2426 1750 2448 et
1771 2425 1802 2448 ab
1824 2426 1956 2449 omnibus

121 2466 330 2490 inviolabiliter
349 2469 540 2495 conservetur,
560 2468 633 2492 hanc
653 2470 757 2492 cartam
772 2475 856 2491 manu
871 2470 986 2499 propria
1007 2469 1220 2492 corroboratam
1243 2470 1426 2499 impressione
1444 2471 1534 2493 nostri
1550 2470 1641 2501 sigilli
1658 2471 1792 2501 insigniri
1816 2471 1954 2494 iussimus.

62 2978 92 2995 10

205 2593 289 2619 ¹Non
304 2597 394 2627 saprei
410 2598 536 2628 spiegare
550 2605 632 2629 sopra
647 2598 712 2629 qual
727 2598 869 2629 equivoco
884 2599 906 2621 si
924 2599 1004 2621 sondi

118 2637 231 2660 l'errore
250 2638 294 2662 del
313 2639 519 2670 genealogista,
539 2639 640 2671 poiche
660 2640 746 2664 riesce
766 2647 838 2671 poco
859 2641 1007 2672 probabile

119 2678 145 2701 la
166 2680 397 2704 considerazione
418 2682 467 2704 che
482 2682 526 2705 nel
542 2682 603 2706 doc.
618 2682 661 2706 (lel
679 2689 745 2713 1109
758 2682 890 2706 Μαι-51110
911 2683 1006 2706 risulti

119 2720 296 2744 minorenne:
318 2729 419 2745 nessun
440 2723 512 2746 altro
534 2723 704 2747 documento
731 2724 849 2755 suffraga
870 2725 897 2748 la
918 2726 1006 2748 recisa

119 2761 311 2785 affermazione
331 2763 360 2785 di
380 2764 412 2790 Α,
439 2771 492 2787 con
514 2762 563 2795 piu
583 2765 833 2796 verosimiglianza
859 2767 1007 2789 attenuata

120 2803 149 2825 in
170 2802 194 2825 B
212 2809 226 2825 e
246 2804 275 2827 C.
313 2803 398 2827 Certo
419 2803 432 2828 ὲ
451 2805 500 2829 che
520 2806 551 2829 in
571 2807 645 2830 tutte
664 2813 678 2829 e
703 2808 746 2830 tre
765 2807 791 2830 le
811 2807 960 2830 redazioni
982 2808 1005 2830 si

120 2843 254 2875 perpetuo
269 2845 382 2869 l'errore
403 2846 429 2869 di
451 2847 630 2871 considerare
644 2855 763 2880 persone
776 2849 895 2872 distinte
917 2851 923 2872 i
946 2857 1005 2880 sog-

119 2886 191 2917 getti
210 2888 354 2917 registrati
370 2889 413 2911 col
431 2896 513 2912 nome
528 2889 557 2913 di
571 2889 705 2913 Marsilio
720 2891 750 2914 in
765 2892 926 2914 documenti
948 2899 1006 2915 suc-

120 2929 223 2951 cessivi
243 2936 324 2952 senza
346 2930 528 2954 indicazione
548 2931 576 2955 di
597 2932 749 2963 paternita.

206 2969 216 2985 ²
228 2970 314 2995 Come
328 2974 350 2995 si
365 2971 449 2996 vedra
463 2973 512 3005 piu
525 2976 623 2998 avanti
638 2975 750 3002 Enrico,
766 2976 907 3003 Mamilio,
922 2977 1006 2999 Uber-

120 3014 149 3036 to
170 3020 183 3036 e
202 3013 341 3045 Ugolone‚
361 3014 389 3038 di
410 3015 455 3038 cui
468 3015 508 3048 gli
524 3017 634 3040 antichi
647 3018 846 3050 genealogisti,
862 3019 1006 3042 riscrendo

1060 2598 1170 2629 singoli
1191 2598 1366 2626 documenti,
1387 2605 1442 2620 non
1464 2598 1628 2622 rilevarono
1650 2599 1675 2622 la
1690 2596 1842 2631 paternita,
1856 2598 1956 2631 perche

1061 2647 1118 2663 non
1141 2641 1169 2663 in
1192 2642 1258 2663 tutti
1281 2641 1441 2671 registrata,
1461 2648 1547 2664 erano
1570 2641 1635 2673 figli
1657 2642 1685 2664 (li
1706 2641 1825 2665 Milone.
1856 2641 1954 2664 Attin-

1059 2683 1153 2714 gentlo
1174 2683 1198 2705 al
1221 2683 1348 2714 diploma
1372 2684 1520 2706 cnrieiano
1545 2683 1589 2706 del
1619 2690 1694 2714 1114,
1721 2684 1741 2706 il
1768 2683 1954 2715 compilatore

1060 2724 1208 2747 considero
1230 2725 1360 2747 Marsilio
1381 2732 1459 2747 come
1472 2726 1602 2756 soggetto
1618 2725 1732 2749 diverso
1747 2726 1792 2749 dal
1808 2726 1953 2757 preceden-

1060 2769 1096 2794 te,
1111 2766 1190 2797 figlio
1211 2767 1238 2789 (li
1260 2766 1378 2793 Milone,
1394 2774 1406 2789 e
1427 2765 1522 2797 percio
1544 2774 1559 2790 a
1582 2767 1621 2790 lui
1644 2767 1737 2799 sfuggi
1759 2768 1847 2791 anche
1867 2768 1893 2790 la
1908 2775 1955 2799 pa-

1060 2808 1167 2831 ternitil
1188 2808 1263 2839 degli
1286 2808 1355 2831 altri
1372 2808 1486 2831 fratelli.
1515 2807 1631 2835 Quanto
1647 2809 1671 2832 al
1687 2809 1772 2840 padre
1786 2810 1831 2832 dei
1848 2809 1951 2832 fratelli

1060 2850 1212 2875 Enrizone.
1232 2849 1353 2879 Litolfo‚
1376 2850 1540 2880 Gumberto,
1561 2857 1609 2881 per
1630 2852 1637 2873 i
1659 2851 1761 2874 motivi
1784 2849 1833 2883 piu
1853 2851 1953 2874 avanti

1060 2893 1176 2923 esposti,
1195 2892 1277 2915 credo
1298 2892 1322 2915 si
1342 2893 1411 2915 <leva
1434 2893 1609 2916 identificare
1623 2894 1651 2916 in
1666 2893 1808 2923 Artim-io,
1824 2894 1909 2925 siglio
1922 2894 1952 2917 di

1060 2934 1170 2957 Litolfo
1191 2941 1205 2957 e
1226 2934 1341 2957 fratello
1363 2934 1389 2956 di
1411 2934 1516 2957 Enrico
1536 2941 1550 2957 e
1575 2933 1740 2958 Gumberto.

1147 2973 1158 2990 ³
1178 2976 1219 2999 Fu
1239 2976 1403 3006 pubblicato
1423 2976 1469 2999 dal
1490 2974 1616 3005 GLonm,
1640 2977 1702 3000 Cod.
1721 2978 1796 3007 dipl„
1816 2977 1849 3005 H,
1873 2984 1892 3007 1,
1909 2985 1951 3009 49,

1061 3026 1087 3042 n.
1098 3017 1140 3042 61.
1169 3018 1213 3043 Cf.
1228 3019 1357 3045 CeoLno,
1373 3019 1480 3048 Albem,
1492 3026 1518 3051 p.
1532 3025 1544 3050 5
1558 3026 1626 3051 sgg„
1639 3020 1666 3043 S.
1678 3020 1836 3052 §lesanodh
1852 3020 1880 3043 ιδ
1892 3028 1949 3052 sgg.

1985 2730 2013 2755 Ῑ5

1980 2942 2013 2959 20
