2422 3684
492 226 664 262 GESTA
694 226 997 262 MAGNIFICA
1026 227 1210 262 DOMUS
1240 227 1631 263 CARRARIENSIS

462 359 602 390 RunAz.
627 357 659 390 A

143 429 227 461 nulli
263 430 412 470 ipsorum
445 429 590 460 audacia
622 435 672 460 est
704 435 786 461 tuta.
834 430 886 461 Ex
918 440 985 472 quo

142 482 255 515 coacti
280 482 471 514 Florentini
494 483 638 513 nuncios
662 493 739 514 suos
762 483 805 514 ad
826 484 986 526 magnifi-

142 546 219 567 cum
237 536 383 567 mictunt
410 535 586 568 dominum
605 535 826 567 Franciscum
845 537 887 567 de
905 536 988 568 Car-

142 589 243 626 raria,
277 589 372 620 cuius
406 589 550 620 consilio
581 595 702 630 gentes
725 589 912 630 armigeras
942 589 986 621 de

142 641 346 673 Alemannie
368 641 527 683 partibus
558 641 746 681 adduxere,
777 653 839 684 pro
864 643 987 684 quibus

142 695 350 738 magnificus
383 695 456 736 ipse
490 695 648 726 dominus
684 702 822 726 centum
856 695 985 726 milium

141 749 349 780 florenorum
372 748 523 789 prestitit
545 747 817 779 fideiussionem.

230 855 304 886 243.
323 872 363 877 ——
380 854 461 886 Post
477 860 618 885 mortem
636 854 765 886 domini
781 855 923 896 Ugolini
942 856 984 886 de

142 909 320 951 Goncmga,
345 907 403 949 qui
428 907 537 948 primo
564 907 746 949 colligatos
771 908 885 939 verbis
901 909 984 939 allu-

141 967 231 993 serat
255 967 290 992 et
305 961 444 992 domino
467 960 651 992 adheserat
675 960 884 999 Bernaboni,
903 961 985 992 licet

141 1015 326 1047 ostendere
358 1020 544 1046 conaretur
570 1015 664 1056 quod
694 1015 807 1046 neutri
837 1015 985 1056 partium

141 1068 340 1106 adhesisset,
353 1068 476 1099 fratres
493 1067 600 1108 ipsius
617 1067 817 1099 Lodovicus
834 1073 867 1099 et
880 1069 986 1100 Fran-

141 1122 252 1154 ciscus
276 1122 319 1152 de
343 1121 509 1162 Goncaga
533 1120 591 1151 diu
615 1120 651 1151 in
675 1122 829 1161 pendulo
846 1128 985 1160 stetere,

141 1181 252 1206 utrum
270 1174 443 1216 colligatis
460 1185 502 1205 an
519 1174 661 1205 domino
678 1175 886 1206 adhererent
903 1175 985 1207 Ber-

141 1228 283 1264 naboni,
296 1237 501 1269 quamquam
514 1237 578 1267 per
591 1227 748 1259 dominos
763 1228 983 1260 Franciscum

142 1282 184 1312 de
206 1281 365 1313 Carraria
381 1286 415 1311 et
432 1280 614 1311 Nicolaum
631 1286 798 1312 estensem
817 1282 984 1313 marchio-

141 1346 230 1372 nem,
243 1335 393 1376 ipsorum
409 1334 545 1366 actinen
553 1339 628 1370 tem,
640 1335 789 1366 fuissent
802 1335 932 1376 pluries
942 1336 985 1367 de

141 1389 266 1421 unione
279 1389 400 1431 rogati.
426 1390 570 1420 Demum
585 1390 651 1430 ipsi
670 1390 826 1433 colligati
840 1391 986 1422 manife-

140 1447 190 1473 ste
207 1442 439 1484 percipientes
454 1443 545 1474 inter
556 1443 731 1474 dominum
744 1442 983 1475 Bernabonem

141 1501 175 1526 et
210 1495 384 1526 dominum
410 1496 489 1528 dela
517 1495 621 1527 Scala
656 1497 733 1527 tore
766 1504 985 1536 conventum,

141 1549 245 1590 quod,
258 1548 315 1580 ubi
334 1559 352 1579 a
369 1550 554 1590 prestando
573 1549 691 1581 favore
707 1550 878 1593 colligatis
895 1551 983 1582 desi-

140 1608 246 1633 steret
262 1608 296 1633 et
312 1613 390 1643 pax,
403 1613 468 1644 que
481 1603 571 1634 inter
587 1603 681 1643 ipsos
694 1604 919 1639 tractabatur,
932 1615 985 1636 se-

139 1661 301 1697 queretur
313 1655 485 1693 effectum‚
501 1656 574 1698 ipse
587 1656 745 1688 dominus
759 1657 934 1689 Bernabos
947 1668 982 1689 se

139 1710 310 1742 offerebat
332 1710 490 1741 daturum
507 1721 658 1751 operam,
675 1712 768 1752 quod
785 1711 858 1752 ipse
876 1711 984 1742 domi-

139 1774 202 1795 nus
227 1763 305 1795 dela
329 1762 431 1795 Scala
455 1764 643 1796 dominium
668 1764 813 1796 haberet
836 1771 982 1796 mantua*

139 1829 230 1854 num,
254 1827 294 1848 eo
319 1817 422 1860 quod,
447 1818 663 1859 procedente
693 1829 789 1859 pace,
814 1818 908 1849 nulla
941 1818 982 1849 de

140 1871 337 1902 Mantuanis
351 1881 415 1902 ceu
427 1882 497 1903 non
509 1871 685 1913 colligatis
696 1873 822 1903 mentio
832 1872 938 1909 fieret,
949 1879 983 1904 et

139 1924 290 1967 colligati
314 1925 496 1966 nequirent
520 1925 567 1955 eis
583 1925 783 1966 suffragari,
800 1936 867 1967 quo
886 1925 984 1956 Man-

138 1978 251 2009 tuanis
268 1977 395 2015 delato,
420 1978 548 2009 noticie
572 1988 651 2008 mox
669 1989 769 2009 aures
783 1984 816 2009 et
832 1980 982 2009 animum

139 2031 183 2062 ad
206 2031 380 2062 iniendam
406 2041 482 2061 curn
508 2031 681 2073 colligatis
696 2032 856 2063 unionem
873 2032 982 2073 appli-

140 2090 283 2116 cuerunt
300 2090 343 2121 et,
361 2083 585 2115 clandestinis
606 2085 639 2115 in
658 2084 815 2116 Ferraria
832 2086 984 2126 peractis

140 2137 339 2169 tractatibus
355 2143 425 2168 tum
442 2144 584 2178 propter
600 2139 843 2169 removendam
860 2139 985 2169 relato-

139 2201 211 2222 rum
230 2191 441 2232 opinionem,
458 2197 527 2222 tum
545 2191 647 2222 etiam
665 2198 805 2233 propter
818 2192 982 2234 grandem

140 2244 355 2286 negotiorum
386 2245 627 2276 comoditatem
659 2245 831 2287 colligatis
862 2252 982 2277 ventu-

140 2308 223 2333 ram,
248 2297 327 2339 quia
350 2303 463 2339 potest
494 2296 639 2330 Mantua
670 2299 775 2329 facile
800 2300 984 2330 comitatus

141 2349 266 2386 Brixie‚
281 2349 403 2382 Parme
417 2351 728 2393 Cremonensisque
740 2352 921 2383 insultibus
933 2353 983 2383 in—

140 2404 268 2435 festare
283 2404 520 2446 inhibereque‚
537 2415 580 2436 ne
594 2406 725 2436 emulus
738 2404 916 2437 Bernabos
928 2417 984 2437 ca-

139 2457 218 2488 stris
231 2462 265 2488 et
273 2456 448 2488 fortiliciis
460 2464 650 2499 succurrat,
663 2469 728 2500 que
741 2466 911 2500 occupata
924 2460 982 2490 de-

140 2509 224 2541 tinet
235 2509 299 2541 nisi
312 2511 448 2542 sinistre
465 2516 500 2542 et
512 2522 588 2542 cum
602 2518 738 2553 sumptu
750 2522 819 2543 non
833 2513 982 2550 modico,

140 2563 469 2595 confederacionem
480 2565 621 2596 tandem
635 2565 739 2597 certis
751 2566 985 2597 intervenien-

140 2616 231 2648 tibus
246 2616 463 2658 pactionibus
487 2628 564 2650 cum
585 2618 758 2661 colligatis
783 2620 982 2652 confecere.

229 2725 303 2755 244.
328 2741 364 2746 -
394 2723 487 2761 Quia
500 2724 606 2757 virtus
623 2725 761 2757 laudata
775 2727 864 2758 vires
878 2727 982 2769 capit,

141 2787 209 2808 non
222 2777 360 2808 videtur
372 2777 476 2809 michi
494 2784 527 2810 et
540 2779 606 2810 hoc
619 2779 872 2818 subticendum,
890 2781 982 2822 quod

142 2831 207 2861 hoc
232 2837 387 2871 tempore
412 2841 474 2872 per
496 2831 605 2872 ipsum
631 2833 857 2875 magnificum
874 2834 982 2865 domi-

231 2952 256 2975 3.
277 2945 405 2969 numcios
426 2946 462 2968 M
477 2944 501 2977 (e
521 2944 571 2969 cos)
592 2946 618 2969 in
638 2946 754 2978 seg-uilo)
776 2960 807 2964 —
827 2954 870 2978 40.
890 2954 983 2979 sump-

143 2991 202 3012 tum
224 2990 261 3013 112!

1055 907 1092 938 10

1055 1177 1091 1208 15

1050 1446 1090 1476 20

1049 1711 1088 1742 25

1047 1978 1088 2008 30

1049 2243 1087 2274 35

1049 2509 1088 2539 40

1048 2833 1087 2863 45

1468 359 1608 391 RanAz.
1632 360 1668 391 D

1147 432 1340 463 Francesco
1358 431 1402 462 da
1419 431 1574 468 Carrara,
1594 442 1657 472 per
1675 432 1815 463 conseio
1832 432 1887 463 del
1905 433 1983 475 qual

1146 484 1203 515 elli
1228 485 1381 517 conduse
1405 490 1509 527 gente
1534 484 1625 515 delle
1657 490 1755 525 parte
1780 485 1823 516 de
1849 486 1986 517 Alema-

1146 547 1224 578 gna.
1272 537 1313 568 El
1330 537 1422 569 dicto
1442 537 1624 580 magnifico
1648 537 1773 568 mesier
1790 539 1985 570 Francesco

1146 591 1178 621 ie
1202 590 1249 620 fe’
1273 591 1409 631 segurta
1435 591 1479 622 de
1504 590 1614 621 fiorini
1640 596 1741 621 cento
1766 591 1880 622 millia.

1236 854 1310 884 243.
1323 871 1367 876 —-
1381 854 1465 885 Drio
1482 854 1516 885 la
1532 860 1642 886 morte
1661 856 1703 886 de
1722 855 1844 886 mesier
1859 855 1986 898 Ugolin

1147 907 1192 938 da
1217 907 1394 949 Goncaga‚
1419 907 1449 938 el
1474 908 1554 949 qual
1578 909 1688 948 prima
1713 909 1824 939 havea
1848 909 1947 940 menil
1976 910 1987 940 i

1148 960 1275 1002 colliga
1300 971 1362 1001 per
1385 961 1505 1002 parole
1531 966 1564 992 et
1588 972 1652 1001 pur
1676 971 1711 992 se
1737 972 1796 992 era
1826 962 1944 993 acosth
1968 973 1987 993 a

1147 1013 1270 1044 mesier
1294 1013 1464 1050 Bernabb,
1485 1013 1621 1045 bench&
1642 1013 1663 1044 ’1
1680 1020 1862 1045 mostrasse
1884 1015 1926 1045 de
1945 1026 1987 1045 no

1146 1066 1346 1107 favoregiar
1366 1066 1493 1108 alguna
1512 1067 1603 1098 delle
1619 1073 1729 1108 parte,
1744 1068 1753 1097 i
1775 1067 1914 1098 fradelli
1931 1068 1988 1099 del

1147 1120 1241 1151 dicto
1257 1120 1381 1151 mesier
1397 1119 1538 1162 Ugolin,
1555 1120 1617 1162 ‚co‘e
1636 1120 1815 1163 Lodovigo
1834 1127 1867 1151 et
1884 1122 1990 1152 Fran-

1147 1183 1261 1211 cesco,
1285 1173 1387 1216 algun
1414 1179 1531 1215 tempo
1555 1180 1654 1206 stette
1678 1175 1712 1205 in
1740 1176 1926 1216 pendente,
1951 1186 1985 1207 se

1145 1227 1203 1257 elli
1228 1237 1263 1257 se
1289 1227 1401 1258 dovea
1424 1227 1501 1258 unir
1533 1238 1599 1258 con
1629 1228 1638 1258 i
1670 1228 1834 1270 colligadi
1868 1238 1887 1259 o
1920 1238 1986 1259 con

1146 1281 1269 1310 mesier
1297 1280 1465 1318 Bernaba,
1490 1280 1625 1312 benche
1649 1281 1709 1322 piu
1737 1281 1828 1312 volte
1853 1281 1862 1312 i
1896 1282 1985 1312 fosse

1145 1334 1291 1376 pregacli
1317 1344 1378 1375 per
1401 1334 1425 1365 li
1451 1335 1622 1376 magnifici
1638 1335 1765 1377 signori
1791 1335 1985 1366 Francesco

1146 1387 1189 1418 da
1212 1385 1360 1417 Carrara
1385 1393 1418 1419 et
1450 1387 1586 1427 Nicoli),
1612 1389 1790 1418 marchese
1817 1388 1924 1425 d’Est,
1948 1399 1985 1420 so

1145 1440 1292 1481 parenti,
1311 1441 1353 1471 de
1370 1441 1485 1472 unirse
1504 1451 1568 1471 con
1586 1442 1619 1472 la
1637 1441 1706 1483 liga
1723 1441 1891 1482 predicta.
1927 1442 1986 1473 Ma

1145 1504 1210 1534 pur
1233 1493 1301 1524 alla
1330 1494 1384 1530 fin,
1418 1495 1586 1525 sentando
1611 1494 1621 1524 i
1649 1495 1811 1536 colligadi
1840 1495 1984 1535 predicti

1146 1556 1238 1578 esser
1251 1548 1426 1590 convignn
1438 1555 1487 1579 tra
1502 1548 1510 1578 i
1528 1549 1609 1580 dicti
1624 1549 1748 1580 mesier
1762 1548 1919 1580 Bernabo
1934 1560 1951 1579 e
1965 1550 1984 1579 ’1

1145 1602 1261 1643 signor
1286 1601 1329 1633 de
1355 1601 1495 1633 Verona
1516 1603 1591 1639 che,
1609 1603 1643 1633 in
1663 1613 1743 1634 caso
1761 1603 1827 1634 che
1845 1603 1875 1633 el
1893 1603 1986 1635 dicto

1145 1654 1261 1694 signor
1286 1656 1329 1685 de
1354 1655 1494 1686 Verona
1513 1666 1548 1686 se
1566 1656 1708 1687 vollesse
1737 1662 1847 1687 retrar
1866 1656 1908 1686 de
1926 1657 1986 1687 dar

1146 1707 1300 1739 subsidio
1318 1708 1348 1738 ai
1367 1708 1531 1750 colligadi
1550 1715 1583 1740 et
1600 1709 1665 1739 che
1680 1709 1711 1739 la
1725 1719 1807 1750 pase
1824 1709 1986 1751 segussse,

1147 1760 1178 1791 la
1203 1760 1282 1802 qual
1314 1771 1350 1792 se
1370 1767 1524 1792 tractava
1549 1767 1600 1793 tra
1624 1763 1631 1792 i
1659 1762 1744 1793 dicti
1769 1763 1931 1804 colligadi
1955 1769 1987 1793 et

1144 1813 1269 1846 mesier
1286 1814 1454 1852 Bernabb,
1478 1815 1525 1846 lui
1542 1825 1577 1846 se
1595 1815 1741 1846 offeriva
1766 1815 1808 1846 de
1827 1816 1888 1847 dar
1905 1826 1987 1846 ovra

1145 1867 1209 1899 che
1234 1867 1254 1897 'l
1277 1868 1370 1899 dicto
1395 1868 1514 1909 signor
1538 1869 1580 1899 de
1603 1868 1743 1899 Verona
1767 1869 1938 1899 haverave
1957 1869 1987 1899 la

1144 1920 1294 1962 signoria
1311 1921 1355 1951 de
1373 1921 1524 1957 Mantoa,
1541 1922 1680 1963 perche,
1695 1921 1871 1964 seguendo
1885 1922 1916 1953 la
1930 1933 1988 1962 pa-

1144 1984 1190 2009 se,
1208 1974 1239 2004 el
1256 1984 1300 2005 no
1320 1984 1441 2005 serave
1467 1975 1559 2006 facto
1578 1976 1700 2017 alguna
1718 1976 1876 2006 mencion
1893 1976 1927 2006 di
1946 1975 1988 2006 si-

1144 2028 1244 2069 gnori
1270 2026 1313 2058 de
1338 2026 1490 2064 Mantoa,
1515 2038 1613 2059 como
1638 2028 1680 2059 de
1700 2038 1742 2060 no
1760 2028 1934 2070 colligadi,
1954 2035 1987 2059 et

1145 2091 1206 2121 per
1224 2087 1343 2121 questo
1362 2080 1372 2111 i
1391 2080 1553 2123 colligadi
1571 2091 1615 2111 no
1632 2081 1663 2112 ie
1681 2082 1778 2122 poria
1795 2081 1857 2111 dar
1873 2091 1987 2112 secor—

1144 2145 1191 2171 so,
1209 2140 1243 2165 et
1260 2139 1379 2175 questo
1396 2145 1458 2175 per
1473 2134 1567 2176 quilli
1585 2135 1757 2176 magnifici
1770 2135 1901 2176 signori
1918 2145 1987 2165 me-

1143 2187 1210 2218 sier
1227 2186 1424 2219 Francesco
1449 2188 1491 2218 da
1511 2186 1657 2218 Carrara
1683 2194 1716 2218 et
1740 2187 1866 2219 Nicolo
1890 2187 1986 2219 d’Est

1145 2241 1238 2271 facto
1256 2241 1361 2271 sentir
1385 2241 1415 2271 ai
1434 2241 1517 2272 dicti
1536 2241 1661 2282 signori
1688 2241 1730 2272 de
1755 2239 1907 2278 Mantoa,
1932 2252 1986 2272 su-

1144 2294 1216 2325 bito
1234 2294 1289 2324 elli
1314 2304 1349 2325 se
1374 2304 1455 2335 pose
1479 2295 1515 2324 in
1538 2296 1650 2325 animo
1674 2294 1718 2325 de
1738 2293 1873 2325 volerse
1898 2294 1985 2336 ligar

1145 2357 1209 2378 con
1233 2347 1245 2377 i
1270 2347 1447 2388 colligam,
1473 2353 1507 2378 et
1532 2347 1601 2378 cosi
1625 2353 1875 2378 secretamente
1900 2348 1982 2379 facti

1144 2401 1153 2431 i
1178 2411 1214 2431 so
1238 2400 1387 2432 tractadi
1412 2400 1444 2430 in
1471 2402 1626 2438 Ferrara,
1651 2401 1719 2432 alla
1742 2402 1786 2432 fin
1810 2411 1873 2432 con
1897 2402 1982 2432 certi

1144 2454 1236 2495 pacti
1254 2460 1286 2484 et
1305 2453 1488 2485 condicion
1503 2454 1561 2485 elli
1578 2454 1688 2496 siligo
1701 2465 1767 2486 con
1784 2455 1793 2485 i
1808 2455 1982 2497 colligadi.

1232 2729 1305 2759 244.
1328 2746 1373 2751 —-
1395 2728 1433 2759 In
1458 2734 1579 2770 questo
1597 2735 1712 2771 tempo
1730 2740 1792 2771 per
1811 2730 1844 2760 lo
1869 2740 1984 2762 sovra-

1143 2782 1234 2813 dicto
1252 2782 1434 2823 magnifico
1451 2781 1571 2823 signor
1587 2783 1711 2814 mesier
1727 2783 1922 2814 Francesco
1939 2784 1983 2814 da

1144 2835 1291 2866 Carrara
1303 2836 1337 2865 in
1351 2835 1383 2865 la
1396 2835 1562 2866 contrada
1576 2835 1632 2866 del
1647 2836 1787 2873 Sancto,
1801 2836 1833 2866 in
1848 2836 1878 2867 10
1893 2847 1982 2873 case,
