2422 3684
79 859 117 890 10

87 1215 124 1248 15

77 1834 115 1866 25

77 2170 118 2201 30

78 2504 117 2536 35

909 216 1247 258 PREFAZIONE

411 354 588 391 VERGER„
613 365 646 395 p.
673 354 711 384 48
738 364 787 395 sg.

242 430 307 459 Qui,
326 431 374 455 ubi
394 439 422 454 se
442 431 570 454 delusum
591 430 721 461 agnovit,
744 431 847 454 frustra
871 431 1049 462 indignatuS,

155 482 221 511 post
239 487 344 511 paucos
363 479 430 503 inde
449 479 519 507 dies,
538 478 616 502 Cane
631 479 706 502 nihil
722 479 900 509 adversante,
914 480 1050 503 Venetias

155 530 270 552 secessit
283 542 314 545 —
329 529 435 560 partem
451 527 571 559 Clugiae
585 527 691 558 reliqui
704 528 852 558 temporis,
868 529 970 559 patriis
984 530 1048 552 exul

155 577 275 607 sedibus,
288 577 391 608 exegit.
419 575 501 604 Quod
517 583 584 599 vero
598 576 719 599 habebat
733 577 898 607 prediorum
912 590 943 594 —
955 585 1048 608 queni-

156 626 306 650 admodum
327 626 428 649 ceteris
454 625 592 651 exulibus
616 625 778 654 ademptum
804 627 846 648 est
867 639 898 642 Q
919 626 1049 649 subinde-

154 683 207 708 que
225 682 290 699 cura
309 681 340 698 ac
360 674 456 698 Studio
477 673 610 697 Ubertini
630 673 772 704 principis
800 674 827 696 in
855 675 977 705 patriam
1004 675 1049 698 de-

155 725 245 749 latum
264 725 315 748 est.

1402 353 1438 392 C,
1462 355 1593 396 XXVI,
1622 356 1693 388 108.

1190 432 1331 455 Dominus
1352 439 1419 455 vero
1440 431 1586 459 NicolauS,
1608 433 1663 456 ista
1683 434 1857 463 presentiens
1878 440 1959 464 seque
1980 441 1995 457 a

1102 481 1176 504 dom.
1197 479 1273 504 Cane
1300 481 1445 512 deceptum
1473 481 1581 509 videns,
1602 489 1659 504 non
1679 482 1776 505 multis
1802 481 1901 505 diebus
1931 484 1996 513 post

1102 529 1135 552 de
1156 530 1303 553 voluntate
1324 530 1443 561 predicti
1473 529 1561 553 Canis
1589 530 1702 553 recessit
1724 531 1756 553 de
1779 531 1836 558 Est,
1863 531 1997 554 Venetias

1102 585 1210 608 quoqne
1231 579 1376 610 profectus
1396 580 1447 603 est.
1476 578 1531 602 Nee
1551 580 1645 602 tamen
1667 579 1722 602 fuit
1737 580 1797 610 ipse
1812 579 1837 602 di
1852 579 1996 608 Nicolaus,

1102 629 1132 650 ut
1153 628 1236 650 ceteri
1259 627 1335 650 fuere
1349 628 1512 656 extrinseci,
1526 628 1585 651 suis
1599 627 1830 659 possessionibus
1845 628 1997 660 spoliatus.

1103 675 1202 706 Sir-que
1221 675 1351 700 venetiis
1369 678 1398 699 et
1418 676 1521 708 Clugie
1541 677 1687 708 presertim
1709 676 1772 699 exul
1800 677 1849 700 diu
1869 679 1996 709 supervi-

1102 724 1147 748 xit
1166 737 1198 741 —
1219 732 1233 748 a
1253 725 1278 748 d.
1300 725 1439 749 Ubertino
1459 725 1519 748 eius
1538 732 1673 756 germano
1699 725 1867 755 requisitum
1888 739 1920 742 κ
1946 726 1996 750 Pa-

1103 773 1156 797 due
1175 774 1333 797 advectum.

242 855 275 889 E
297 865 431 889 ancora
461 853 554 887 nella
584 854 657 887 vita
682 853 716 887 (11
748 854 887 898 Iacopo
912 866 930 887 e
958 855 1148 899 Iacopino,
1178 855 1211 889 lh
1239 855 1335 890 dove
1365 854 1404 890 B
1423 855 1456 890 C
1479 854 1640 902 (XXIX,
1676 854 1758 899 195)
1795 856 1996 900 divergono

153 922 199 956 da
227 920 265 955 A
294 921 438 967 (XXV,
476 921 559 965 151,
601 933 620 955 e
650 920 736 960 XX,
769 921 844 964 51),
882 921 905 954 il
942 926 1038 955 testo
1077 923 1291 967 vergeriano
1329 925 1348 957 ὲ
1385 924 1446 969 pisi
1483 923 1663 968 prossimo
1706 924 1737 957 ai
1777 924 1894 968 primi,
1930 925 1996 958 che

154 1001 225 1023 non
263 989 296 1023 al
323 988 499 1027 secondo,
529 988 608 1021 anzi
639 989 658 1021 e
687 988 745 1033 pii]
776 989 957 1034 prossimo
982 1000 1002 1022 a
1031 988 1078 1028 B,
1108 989 1311 1024 ribadenclo
1340 1001 1474 1024 ancora
1508 1001 1577 1024 una
1605 990 1706 1025 volta
1735 989 1937 1025 l’esistenza
1960 991 1995 1023 di

155 1066 225 1090 una
244 1055 438 1090 redazione
468 1055 578 1089 latina
611 1054 671 1101 (b),
701 1055 883 1089 anteriore
913 1067 932 1088 e
962 1055 1108 1090 diversa
1137 1056 1183 1090 da
1219 1056 1257 1096 C,
1282 1057 1348 1090 che
1376 1068 1449 1090 non
1476 1058 1506 1096 e,
1539 1056 1731 1097 s'intende‚
1763 1059 1822 1101 (a).

429 1145 610 1185 VERGER„
633 1156 667 1187 p,
696 1147 707 1177 l
720 1147 768 1177 10.

239 1219 339 1243 ductus
359 1220 401 1242 est
421 1225 482 1241 cum
505 1218 592 1242 fratre
614 1219 642 1241 in
657 1217 837 1242 Alamaniam
853 1219 984 1250 captivus
1000 1226 1049 1250 per

153 1266 317 1292 Conradum
338 1268 370 1291 de
389 1266 554 1291 Uffensteim
581 1280 613 1284 —
640 1274 690 1290 nec
716 1268 800 1290 antea
827 1267 970 1291 relaxatus
998 1269 1050 1295 est,

152 1324 234 1348 quam
255 1324 303 1348 per
322 1317 430 1347 patrem
450 1316 484 1339 ab
504 1323 590 1339 avaro
611 1315 731 1340 domino
753 1317 875 1348 pecunia
902 1317 1048 1340 redimere-

152 1368 208 1391 tur.
240 1365 310 1389 Inde
329 1372 395 1389 vero
416 1379 448 1383 -—
469 1366 560 1388 iussus
583 1367 626 1389 est
645 1365 774 1389 habitare
794 1366 939 1395 Mantuae,
959 1366 1047 1389 donec

153 1415 186 1439 ab
207 1415 345 1439 Ubertino
366 1415 395 1438 in
417 1415 540 1445 patriam
562 1415 711 1438 revocatus
731 1416 812 1438 esset.

1400 1148 1442 1187 Β,
1466 1148 1600 1185 ΧΧΙΧ,
1627 1147 1697 1181 195.

1190 1222 1217 1243 et
1237 1220 1285 1251 poi
1306 1227 1353 1252 per
1368 1227 1454 1244 meser
1468 1221 1500 1244 de
1515 1219 1681 1251 Ovestagno
1697 1233 1728 1237 —
1745 1221 1774 1244 so
1788 1221 1900 1244 menadi
1923 1222 1997 1253 presi

1099 1269 1129 1292 in
1152 1268 1308 1300 Alernagna
1329 1271 1356 1293 et
1377 1269 1396 1293 11
1419 1272 1497 1297 stete,
1513 1270 1557 1293 fin
1572 1271 1655 1294 tanto
1676 1270 1726 1293 che
1746 1270 1764 1293 'l
1786 1270 1943 1302 magnifico
1965 1278 1996 1294 so

1103 1325 1168 1350 pare
1189 1319 1195 1340 i
1217 1325 1309 1341 scosse
1328 1326 1376 1351 per
1396 1319 1500 1348 dinari,
1520 1326 1533 1342 e
1554 1319 1583 1342 fo
1604 1319 1650 1350 poi
1671 1319 1681 1342 i
1710 1319 1831 1350 predicti
1846 1319 1995 1343 confinadi

1102 1374 1116 1389 a
1137 1366 1262 1397 Mantoa,
1282 1375 1294 1389 e
1310 1366 1329 1390 li
1345 1368 1426 1397 stete,
1447 1367 1487 1390 fin
1504 1367 1553 1391 che
1567 1374 1615 1399 per
1629 1368 1728 1391 mesier
1742 1367 1862 1392 Ubertin
1877 1368 1913 1392 da
1928 1368 1995 1392 Car-

1100 1422 1163 1439 rara
1180 1429 1210 1434 —
1232 1416 1240 1439 i
1263 1413 1366 1439 revoc&
1386 1423 1401 1439 a
1422 1417 1508 1440 Pava.

242 1497 400 1543 Dunque
428 1496 451 1529 il
483 1495 670 1531 redattore
700 1496 918 1541 vergeriano
949 1508 1019 1532 non
1057 1496 1137 1530 solo
1174 1497 1347 1531 eonobbe
1376 1497 1422 1531 ecl
1462 1498 1525 1531 uso
1563 1497 1595 1530 la
1633 1498 1751 1543 prima
1788 1497 1994 1539 redazi0ne‚

152 1575 211 1598 ma
239 1563 353 1598 anche
382 1562 502 1609 quella
532 1563 784 1602 bernar-diana,
815 1575 834 1596 e
864 1563 958 1597 nella
987 1575 1050 1598 sua
1079 1563 1220 1597 lezione
1249 1564 1445 1609 primitiva,
1476 1564 1545 1598 alla
1575 1564 1683 1610 quale
1715 1565 1776 1609 pin
1813 1564 1993 1600 s’accosta

152 1629 186 1664 la
215 1630 382 1665 versione
410 1629 572 1674 volgare.

621 1628 682 1663 Gli
712 1629 850 1674 esempi
880 1629 1035 1664 raccolti
1062 1641 1153 1663 sono
1179 1629 1399 1664 abbastanza
1426 1630 1610 1676 eloquenti
1632 1642 1695 1676 per
1714 1631 1994 1666 assicurareene.

242 1695 319 1732 Con
343 1697 402 1731 cio
430 1697 456 1730 si
487 1696 667 1741 potrebbe
698 1696 815 1742 aprire
846 1694 972 1731 l'adito
1004 1707 1023 1730 a
1053 1696 1176 1730 fissare
1206 1696 1230 1729 il
1261 1698 1414 1731 termine
1443 1699 1527 1731 (mle
1554 1707 1674 1744 quem:
1708 1703 1800 1732 tutte
1830 1697 1862 1731 le
1891 1698 1994 1734 reda-

152 1764 248 1798 zioni
278 1763 336 1798 dei
371 1762 481 1798 Gesta
510 1763 592 1798 cioe
622 1763 755 1796 furono
785 1763 982 1808 compilate
1012 1764 1128 1807 prima
1158 1763 1425 1809 dell'opuscolo
1451 1765 1680 1809 vergeriano.

241 1832 306 1866 Ma
334 1841 355 1864 a
383 1829 489 1877 quale
519 1841 636 1875 epoea
664 1831 737 1876 pub
767 1841 888 1864 essere
918 1836 1107 1876 assegnata
1142 1830 1173 1864 la
1207 1831 1479 1876 composizione
1509 1831 1545 1865 di
1575 1831 1734 1877 questo?
1755 1831 1783 1865 Il
1804 1832 1995 1877 problema

154 1898 184 1932 si
212 1899 246 1932 fa
275 1897 335 1944 pin
363 1897 584 1944 compleSSO,
615 1896 652 1931 cli
677 1897 794 1932 fronte
815 1896 1064 1942 all'incognita
1085 1897 1179 1931 della
1204 1899 1383 1945 paternit&
1405 1897 1685 1943 dell⁷0puseolo.
1727 1888 1758 1932 E
1779 1899 1834 1934 c'ni
1856 1900 1994 1943 dubita,

155 1976 174 1998 e
204 1976 276 1998 non
306 1963 353 1998 da
381 1964 468 2010 oggi
496 1964 667 2008 soltanto‚
707 1964 1009 2000 dell’autenticith
1047 1966 1274 2010 vergeriana,
1313 1977 1332 1998 e
1373 1965 1488 1999 anche
1528 1965 1683 1999 l'ultimo
1721 1965 1862 2000 editore
1900 1966 1995 2001 delle

155 2032 307 2077 epistole
337 2031 395 2066 del
425 2032 621 2077 Vergerio,
660 2032 694 2067 lo
732 2031 849 2066 Smith
866 2029 888 2075 ¹,
920 2034 938 2066 ὲ
976 2034 1067 2066 assai
1103 2032 1294 2066 incredulo
1330 2033 1656 2067 sull'atlribuzione
1698 2034 1757 2068 del
1794 2034 1855 2068 De
1886 2035 1994 2081 prin-

154 2098 297 2144 cipibus
324 2099 394 2132 alla
422 2110 542 2146 penna
572 2098 841 2133 delvumanista
871 2099 1158 2144 capodistriano,
1187 2100 1332 2145 perche,
1363 2099 1413 2133 fra
1443 2099 1575 2143 l’altro,
1606 2100 1638 2132 le
1667 2100 1882 2135 dissonanze
1909 2101 1993 2134 stili-

154 2167 268 2200 stiehe
289 2166 340 2199 fra
361 2171 490 2211 questo
511 2177 530 2199 e
560 2165 681 2211 quelle
711 2178 783 2200 non
808 2166 1030 2212 depongono
1049 2166 1085 2200 in
1111 2178 1216 2200 senso
1240 2166 1466 2201 favorevole.
1511 2166 1569 2200 La
1599 2167 1874 2202 constatazione
1896 2167 1995 2202 (lello

154 2238 283 2267 sti-etto
313 2237 481 2267 contatto
511 2244 581 2267 con
610 2233 619 2266 i
651 2231 760 2267 Gesta
788 2233 822 2267 fa
843 2233 1018 2267 rientrare
1043 2233 1248 2278 l'opuseolo
1270 2232 1485 2266 nell'ordine
1511 2233 1544 2266 di
1576 2233 1648 2267 tale
1677 2234 1944 2280 conipilazione
1973 2248 1992 2269 e

154 2311 228 2334 non
256 2298 335 2333 solo
365 2299 508 2334 annulla
536 2300 845 2346 completamente
876 2299 1105 2347 l’originalitil
1135 2300 1233 2334 dello
1262 2301 1389 2334 scritto
1405 2297 1427 2343 ²,
1458 2312 1518 2334 ma
1547 2301 1726 2345 potrebbe
1757 2301 1909 2336 rendere
1933 2302 1993 2348 pin

155 2366 421 2412 problematica
449 2367 481 2400 la
508 2379 572 2401 sua
602 2373 770 2413 presunta
801 2369 996 2413 patei-nith:
1029 2367 1064 2400 lo
1093 2368 1172 2401 stile
1203 2367 1236 2401 (11
1268 2372 1368 2401 tanto
1397 2366 1598 2401 s'avvieina
1626 2379 1646 2400 a
1676 2368 1795 2414 quello
1817 2368 1911 2402 delle
1932 2382 1993 2403 sue

154 2434 244 2468 fonti
274 2433 309 2467 di
339 2439 474 2479 quanto
494 2434 710 2469 s'allontana
740 2435 785 2468 (la
814 2435 936 2481 quello
967 2435 1063 2469 delle
1093 2434 1258 2480 Epz'slale
1287 2447 1309 2467 O
1339 2434 1434 2479 degli
1463 2434 1542 2468 altri
1571 2435 1756 2470 trattatelli
1775 2437 1993 2481 vergeriani‚

157 2500 336 2535 anch'essi
365 2501 454 2535 assai
485 2512 583 2546 poco
611 2502 790 2548 originali.

242 2567 309 2602 Ma
335 2568 392 2601 cio
422 2573 653 2612 nonostante,
683 2569 812 2613 poiche
842 2569 989 2604 l'esame
1018 2569 1187 2603 stilistico
1216 2570 1289 2614 pno
1318 2580 1381 2614 per
1410 2573 1536 2614 questa
1574 2569 1725 2614 ragione
1763 2569 1912 2603 riuseire
1941 2571 1993 2603 in-

156 2640 256 2669 certo
271 2632 295 2678 ³,
329 2645 394 2679 per
424 2634 634 2679 rispondere
664 2647 734 2670 con
763 2637 882 2670 minor
910 2636 1242 2682 approssimazione
1270 2634 1446 2668 all'arduo
1467 2635 1610 2680 quesito
1630 2643 1807 2681 proposto
1827 2638 1846 2670 ὲ
1868 2648 1991 2670 neees-

246 2750 252 2766 ¹
271 2753 379 2781 SerH,
402 2754 470 2775 Noae
489 2753 673 2784 cronologiche
688 2756 861 2785 vergeriane,
877 2755 905 2778 in
922 2755 1046 2778 Archi-

156 2797 219 2819 vio
239 2796 387 2824 Veneto,
410 2803 460 2818 ser.
483 2795 513 2823 V,
535 2796 591 2819 vol.
610 2801 651 2824 1v,
672 2804 697 2827 p.
715 2803 762 2820 112
783 2805 856 2829 sgg.;
878 2798 1046 2827 Epistolart'z·

1104 2754 1115 2765 ‘¹'
1128 2761 1247 2777 cronaca
1268 2760 1416 2779 carraoese,
1436 2753 1485 2775 elie
1506 2753 1580 2776 forse
1600 2755 1721 2777 esisteva
1740 2752 1787 2786 gin
1808 2755 1897 2785 prima
1918 2755 1993 2778 della

1104 2801 1114 2808 ⁴·
1127 2804 1174 2819 sun
1196 2798 1300 2819 venum
1320 2804 1333 2818 a
1354 2794 1467 2818 Padova
1489 2796 1534 2818 nel
1553 2795 1618 2826 1385
1632 2812 1656 2827 „.
1695 2797 1758 2819 Non
1775 2798 1796 2819 si
1814 2796 1868 2827 puo
1884 2797 1992 2820 ridurre

158 2838 187 2861 di
206 2838 272 2861 Pier
299 2839 384 2861 Panlo
420 2838 559 2867 vergerio,
581 2839 609 2860 in
631 2837 743 2862 Fonti
770 2847 834 2870 per
864 2840 897 2863 la
927 2841 1046 2863 storia

159 2879 314 2903 d’Italia
341 2879 603 2903 (lell'lstituto
626 2880 775 2904 Stoi-ico
801 2880 963 2905 Italiano
985 2890 1047 2912 per

160 2921 185 2944 il
204 2922 324 2944 medio
354 2928 417 2944 evo
432 2939 454 2951 υ,
474 2919 572 2950 Roma,
596 2927 673 2952 1935,
700 2929 725 2953 p.
745 2922 798 2946 XX
820 2930 878 2954 sgg.

245 2961 256 2977 ²
275 2962 336 2987 Con
366 2963 447 2986 felice
474 2963 581 2986 intuito
608 2963 636 2986 1ο
662 2964 755 2988 Smith
781 2965 962 2995 (Epz'stolario
989 2967 1047 2994 cii„

159 3011 184 3037 p.
205 3005 280 3036 xxn)
301 3005 463 3028 intravvidc
491 3005 534 3028 nel
563 3005 697 3037 Vergerio
726 3006 771 3029 “il
798 3007 940 3030 redattore
963 3007 1047 3030 d'una

1104 2841 1263 2862 veramente
1285 2838 1388 2868 l'operu
1408 2838 1452 2860 del
1480 2838 1615 2868 Vergerio
1643 2847 1657 2862 a
1683 2839 1778 2869 quella
1804 2840 1831 2862 di
1859 2840 1992 2870 semplice

1102 2882 1204 2904 minore
1224 2881 1251 2903 di
1274 2888 1356 2911 opert·
1371 2880 1466 2909 altrui,
1482 2887 1558 2903 come
1575 2880 1657 2904 vuole
1674 2881 1702 2904 lo
1716 2882 1817 2908 Smilla,
1833 2889 1875 2904 nia
1889 2880 1903 2905 'e
1917 2884 1992 2904 certo

1102 2924 1150 2946 che
1165 2924 1184 2946 il
1202 2924 1301 2946 merito
1317 2923 1342 2945 ‹li
1360 2923 1531 2951 compositore
1545 2922 1559 2946 ὲ
1572 2925 1646 2946 assai
1662 2930 1756 2947 searso
1771 2924 1800 2947 di
1815 2922 1995 2954 originalitit.

1190 2964 1200 2978 ³
1220 2967 1326 2992 δ’ΜιὙΗ,
1351 2965 1518 2995 Epistolario
1538 2965 1595 2993 cit„
1616 2973 1642 2997 p.
1662 2972 1728 2995 xxm
1745 2967 1815 2989 Abte
1830 2967 1994 2998 vergerimle

1102 3007 1158 3033 cib,
1180 3014 1204 3038 p.
1231 3012 1287 3030 112.

2024 2846 2055 2862 10
