2422 3684
393 218 439 255 54
770 218 943 254 GESTA
971 217 1276 254 MAGNIFICA
1305 218 1489 254 DOMUS
1520 220 1910 257 CARRARIENSIS

484 353 543 384 165
569 353 668 393 [210].
693 371 738 376 —
760 353 864 385 Clara
889 353 1028 384 domina
1051 351 1199 383 isabella
1223 352 1265 383 de
1288 350 1438 390 Flisco¹⁹
1462 363 1549 384 uxor
1573 353 1702 385 domini
1719 354 1869 386 Luchini
1885 355 2122 393 vicecomitis,
2147 365 2225 386 cum

393 407 452 438 diu
475 407 571 447 prole
596 406 775 443 caruisset,
799 412 898 447 partu
922 416 989 437 uno
1013 405 1179 447 ⁴gemellos
1202 405 1356 446 peperit;
1380 406 1473 437 unde
1499 406 1619 437 limina
1642 408 1751 438 sancti
1776 408 1889 440 Marci
1912 409 1955 440 de
1981 407 2146 440 veneciis
2177 407 2225 439 vi-

392 460 493 490 sitare
517 460 708 491 constituit.
753 460 805 490 Ex
830 470 897 501 quo
923 470 997 491 cum
1023 457 1066 489 de
1092 457 1294 489 Mediolano
1318 458 1506 496 Veronam,
1531 459 1659 491 deinde
1684 460 1911 493 Vincenciam
1935 461 2171 503 applicuisset,
2194 467 2228 492 et

393 513 437 544 ab
459 513 542 544 inde
565 514 733 545 recedens
755 523 874 544 versus
898 513 1051 543 Paduam
1077 518 1217 553 caperet
1239 512 1316 548 iter,
1343 512 1547 554 magnificus
1579 512 1736 545 dominus
1767 514 1951 546 Iacobinus
1982 516 2025 546 de
2058 514 2229 552 Carraria,

394 565 504 597 frater
527 567 701 608 magnifici
724 566 853 602 Iacobi,
869 566 941 596 eius
966 564 1123 596 consultu
1148 575 1256 607 usque
1282 565 1325 596 ad
1349 565 1499 595 confinia
1522 564 1716 597 Vincencie
1740 567 1899 606 predicte
1923 567 2061 598 domine
2084 567 2230 598 isabelle

395 618 518 650 obvius
539 620 704 657 occurrit,
728 630 792 651 nec
818 619 927 649 minus
951 619 1025 658 ipse
1049 617 1196 648 Iacobus
1221 627 1288 648 non
1312 617 1434 658 procul
1460 629 1478 648 a
1502 617 1622 650 Padua
1645 618 1712 649 iam
1745 619 1838 651 dicte
1869 619 2010 651 domine
2042 620 2078 651 fit
2109 620 2230 651 obvius

395 678 430 703 et
454 683 529 704 cum
556 684 596 704 ea
620 673 749 715 pariter
774 673 948 714 equitavit.
997 669 1076 707 Que
1101 681 1161 702 suo
1185 677 1306 713 rogatu
1331 671 1366 701 in
1390 671 1526 711 palacio
1551 671 1647 702 curie
1670 681 1729 702 sue
1758 672 1954 710 descendit,
1977 673 2037 704 ubi
2062 683 2136 704 eam
2161 683 2232 703 ma-

394 725 521 768 gnifica
545 725 684 757 domina
708 726 919 757 Constancia
945 725 987 756 de
1012 725 1171 762 Polenta,
1196 735 1282 755 uxor
1305 723 1478 766 magnifici
1503 724 1633 761 Iacobi,
1659 726 1754 756 vultu
1778 725 1854 756 ilari
1877 732 2049 768 tamquam
2077 726 2232 767 prudens

396 780 536 810 domina
559 790 632 811 eam
656 781 844 812 honorifice
869 779 1116 820 curialiterque
1138 779 1282 819 recepit.
1329 778 1453 820 Fitque
1479 778 1644 809 continuo
1670 778 1832 810 nobilium
1856 780 2071 811 dominarum
2096 786 2129 811 et
2144 779 2234 810 mili-

396 837 465 863 tum
490 834 642 865 civitatis
667 834 760 864 curia
784 833 957 875 generalis
981 842 1059 863 cum
1083 832 1247 873 expensis
1271 833 1391 862 decem
1415 831 1557 862 millium
1581 831 1787 863 florenorum
1812 839 1845 864 et
1868 833 1967 864 ultra.
2015 833 2116 864 Hanc
2148 842 2231 863 vero

399 886 441 917 de
466 886 585 918 Padua
610 887 845 918 discedentem
873 886 1045 917 dominam
1070 885 1274 927 magnificus
1298 884 1445 916 Iacobus
1468 894 1577 926 usque
1603 885 1645 916 ad
1669 891 1825 917 sanctum
1850 885 2000 918 Illarium
2033 886 2232 921 associavit;

397 940 439 970 ab
463 941 545 971 inde
570 951 653 972 vero
679 940 851 971 Venecias
876 939 1094 976 Frauciscus,
1112 938 1184 969 eius
1208 939 1308 975 filius,
1332 938 1389 979 qui
1413 937 1540 970 ibidem
1560 939 1692 970 curiam
1709 939 1817 970 tenuit
1832 927 2044 982 generalem.
2082 939 2238 971 Reversa

400 999 512 1025 autem
537 994 691 1025 Paduam
707 994 862 1024 similiter
885 993 1016 1024 sociata
1032 992 1223 1034 magnificis
1247 991 1376 1023 lacobo
1401 997 1435 1022 et
1458 991 1633 1032 Iacobino,
1657 991 1767 1023 fratre
1790 1003 1862 1030 suo,
1886 992 2115 1024 Vincenciam
2132 992 2236 1034 profi-

401 1048 553 1078 ciscitur.
600 1047 643 1078 Et
666 1048 763 1078 fuere
787 1047 946 1088 predicta
969 1046 1157 1077 millesimo
1184 1044 1424 1077 CCCXLVII.

492 1154 551 1185 166
575 1152 676 1193 [211].
696 1171 734 1176 -
752 1153 883 1184 Eodem
909 1162 1009 1187 anno,
1029 1152 1070 1184 de
1089 1161 1204 1182 mense
1222 1151 1351 1192 aprilis,
1370 1151 1623 1183 ambaxiatores
1640 1152 1732 1194 regis
1747 1151 1924 1194 Hungarie
1940 1152 2020 1184 ituri
2038 1152 2199 1194 Aquilam
2214 1151 2237 1190 ²,

401 1207 575 1238 civitatem
600 1206 756 1239 Abrucii.
782 1205 935 1237 Paduam
961 1206 1186 1243 intraverunt,
1211 1211 1244 1235 et
1262 1205 1305 1235 de
1322 1214 1438 1236 mense
1462 1205 1533 1235 iulii
1551 1205 1706 1236 Dalfinus
1723 1205 1860 1237 Vienne
1877 1205 2017 1237 rediens
2033 1217 2052 1237 a
2067 1205 2185 1237 Smitis
2197 1205 2239 1245 (?)

401 1259 520 1291 Padue
546 1259 620 1296 fuit,
645 1269 730 1300 quos
753 1258 987 1301 magnif[ic]us
1011 1257 1160 1290 Iacobus
1185 1257 1228 1288 de
1253 1257 1414 1288 Carraria
1438 1258 1628 1299 magnifice
1654 1263 1687 1289 et
1711 1257 1961 1290 honorabiliter
1992 1259 2127 1302 magnis
2151 1265 2240 1290 'sum-

402 1313 517 1355 ptibus
541 1313 780 1354 pertractavit.

495 1421 553 1454 167
579 1420 681 1461 [212].
708 1438 745 1442 —
772 1420 847 1450 Hoc
872 1425 924 1451 est
949 1419 1145 1459 exemplum
1171 1418 1348 1450 cuiusdam
1375 1418 1551 1461 privilegii
1574 1419 1784 1451 serenissimi
1809 1425 1843 1451 et
1865 1419 2080 1452 invictissimi
2112 1419 2243 1461 princi-

403 1476 456 1516 pis
480 1474 609 1506 domini
633 1474 765 1510 Karon,
790 1474 852 1505 Dei
878 1474 995 1513 gracia
1018 1473 1257 1505 Romanorum
1282 1473 1374 1515 regis
1397 1483 1534 1514 semper
1558 1479 1723 1515 augustus
1747 1479 1781 1505 et
1804 1472 1945 1505 Boemie
1971 1473 2073 1517 regis,
2090 1472 2242 1505 roborati

403 1529 515 1569 sigillo
539 1529 612 1559 eius
636 1537 738 1559 cereo
762 1528 929 1568 pendenti
954 1527 998 1558 ad
1022 1527 1199 1558 cordulam
1224 1526 1374 1564 siricam,
1399 1527 1527 1558 coloris
1550 1526 1715 1558 videlicet
1739 1527 1815 1569 cani
1840 1533 1874 1559 et
1897 1525 2006 1564 rubei,
2031 1526 2181 1558 habente
2205 1525 2241 1556 in

405 1582 538 1613 circulo
562 1582 623 1612 has
648 1581 801 1612 lietera-s:
826 1581 847 1619 †
872 1581 1023 1612 Kar-olus
1047 1581 1118 1612 Dcz'
1137 1581 1266 1622 gracia
1290 1580 1517 1611 Romanorum
1534 1580 1614 1612 Rex
1629 1583 1764 1623 semper
1779 1584 1945 1622 augustus
1960 1585 1992 1611 εί
2008 1580 2138 1611 Bocmie
2154 1579 2244 1616 Rex,

405 1641 439 1666 et
462 1636 496 1666 in
523 1645 644 1677 campo
670 1635 814 1666 scultam
839 1635 1024 1675 imaginem
1049 1634 1174 1675 prefati
1201 1633 1331 1665 domini
1364 1633 1487 1665 Karoli
1521 1633 1613 1675 regis
1636 1643 1740 1674 super
1762 1633 1850 1665 solio
1875 1633 1982 1676 regali
2015 1632 2178 1671 sedentis,
2210 1632 2246 1663 in

2255 565 2272 597 Ul

2260 832 2297 863 10

2265 1152 2302 1184 15

2267 1472 2309 1504 20

405 1689 522 1730 capite
545 1688 662 1731 regale
681 1688 851 1724 diadema,
869 1689 903 1719 in
926 1699 1029 1719 manu
1046 1688 1171 1719 dextra
1193 1693 1366 1728 sceptrum
1384 1697 1460 1718 cum
1479 1696 1585 1718 cruce
1610 1687 1826 1728 supraposita
1852 1692 1886 1718 et
1901 1687 1936 1717 in
1953 1687 2090 1718 sinistra
2108 1696 2244 1727 pomum
2262 1678 2269 1687 '

405 1743 588 1774 rotundum
614 1752 690 1773 cum
717 1752 822 1772 cruce
846 1741 1062 1782 supraposita
1086 1741 1258 1778 habentis,
1276 1746 1310 1771 et
1333 1740 1431 1771 iuxta
1455 1740 1576 1771 solium
1595 1751 1614 1771 a
1629 1740 1740 1771 latere
1765 1740 1888 1771 dextro
1913 1745 1987 1771 erat
2011 1745 2143 1771 scutum
2167 1749 2245 1780 par-

409 1807 487 1827 vum
513 1806 587 1827 cum
613 1795 727 1837 aquila
752 1795 929 1835 imperiali.
961 1800 995 1825 et
1026 1805 1045 1825 a
1078 1795 1186 1825 latere
1219 1794 1355 1825 sinistro
1380 1793 1465 1825 dicti
1492 1793 1567 1824 solii
1593 1799 1667 1824 erat
1698 1792 1792 1824 aliud
1825 1798 1957 1824 scutum
1988 1802 2133 1834 parvum
2167 1801 2243 1822 cum

406 1851 507 1881 leone
531 1849 681 1880 habente
707 1848 851 1879 caudam
870 1848 1090 1884 bifurcatum,
1108 1858 1177 1878 non
1202 1846 1333 1884 aboliti,
1357 1857 1425 1878 non
1450 1845 1573 1884 abrasi,
1598 1856 1667 1877 non
1692 1845 1890 1884 cancellati,
1915 1855 1982 1877 nec
2006 1845 2041 1876 in
2059 1845 2175 1886 aliqua
2199 1844 2250 1875 sui

408 1909 508 1945 parte
533 1902 660 1943 viciati,
684 1901 746 1934 sed
769 1902 803 1932 in
829 1902 922 1932 hunc
946 1902 1085 1933 modum
1110 1901 1240 1942 scripti.

497 2009 545 2033 168
558 2011 590 2033 A.
611 2007 694 2041 {214}
715 2024 743 2026 —
766 2008 898 2034 Karolus,
926 2008 980 2032 Dei
999 2009 1094 2039 gracia
1120 2007 1315 2031 Romanorum
1343 2015 1390 2030 rex
1415 2014 1522 2038 semper
1547 2009 1682 2038 augustus
1702 2008 1727 2030 et
1748 2007 1864 2030 Boemie
1884 2013 1939 2035 rex,
1961 2005 1994 2029 ad
2020 2007 2185 2038 perpetuam
2207 2004 2249 2029 rei

410 2056 583 2078 memoriam.
621 2054 841 2084 Nonnumquam
862 2054 1047 2083 consequitur
1067 2055 1095 2075 nt
1117 2060 1131 2075 a
1153 2052 1262 2076 iudicio
1283 2052 1427 2075 discordet
1447 2051 1557 2075 effectus
1576 2053 1613 2080 et,
1634 2051 1707 2081 quod
1729 2050 1893 2074 credebatur
1915 2051 2078 2073 coniectura
2104 2049 2246 2080 prodesse,

411 2100 606 2132 experimento
628 2099 731 2121 inutile
752 2098 890 2121 videatur.
929 2098 1019 2127 igitur
1040 2097 1150 2125 generis
1170 2097 1285 2119 humani
1307 2098 1415 2120 statuta
1435 2103 1607 2126 quacumque
1623 2095 1733 2126 pelenti
1749 2096 1873 2118 veterum
1887 2094 2059 2118 auctoritate
2079 2094 2151 2117 scita
2171 2093 2250 2117 decet

411 2145 571 2176 principem
599 2144 669 2173 legis
695 2144 801 2174 patrem
824 2147 940 2173 propter
961 2142 1148 2172 fragilitatem
1175 2142 1334 2167 humanam.
1361 2148 1412 2171 que
1439 2141 1536 2171 nequit
1563 2140 1666 2163 futuris
1692 2139 1802 2163 casibus
1828 2139 1988 2170 providere,
2017 2139 2100 2162 novis
2126 2138 2249 2161 sanctio·

414 2189 496 2211 nibus
516 2188 680 2215 reformare,
706 2195 766 2210 cum
787 2189 814 2210 et
843 2188 924 2209 novis
949 2186 1158 2214 emergentibus
1186 2189 1285 2220 nature
1311 2185 1492 2209 novitatibus
1518 2191 1593 2208 nova
1618 2185 1755 2207 convenit
1779 2184 1912 2207 antidota
1932 2182 2086 2215 preparari.
2123 2181 2159 2205 Et
2183 2182 2249 2205 ideo

412 2232 557 2256 Romanus
576 2234 716 2263 princeps,
739 2232 944 2254 savratissimns
965 2232 1034 2261 legis
1055 2231 1140 2254 lator.
1156 2232 1213 2261 ipse
1228 2229 1375 2262 profitetur
1396 2237 1422 2253 se
1438 2237 1494 2253 non
1516 2230 1611 2260 pigere
1631 2229 1706 2259 leges
1721 2228 1850 2260 proprias
1864 2227 2014 2250 emendare
2033 2228 2060 2250 et
2079 2226 2153 2250 bella
2173 2226 2250 2250 indi-

414 2285 481 2304 cere.
508 2280 661 2308 posteaque
680 2278 774 2299 eterna
797 2283 862 2306 parc
888 2277 981 2307 sopire
1009 2282 1117 2299 necnon
1145 2276 1215 2305 leges
1242 2276 1373 2304 antiquas
1401 2275 1453 2297 iam
1482 2274 1558 2297 scnie
1577 2274 1761 2305 pregravatas
1782 2273 1809 2295 in
1831 2271 2003 2295 luculentam
2024 2271 2131 2303 erigere
2150 2277 2251 2294 conso-

416 2323 546 2345 nanciam
573 2321 852 2351 sacratissimumque
872 2321 1007 2351 templum
1029 2320 1143 2343 iusticie
1163 2326 1335 2346 consecrare,
1357 2318 1473 2341 inutilia
1494 2317 1656 2345 resecando,
1678 2318 1770 2340 vetera
1792 2316 1964 2339 destruendo
1986 2322 2149 2346 semperque
2175 2321 2251 2338 nova

416 2366 544 2390 cudendo
565 2366 600 2389 ob
621 2365 799 2389 commodum
827 2365 1026 2387 subiectorum.
1063 2364 1222 2395 Eapropter
1247 2363 1476 2394 predecessorum
1503 2364 1666 2386 nostrorum
1692 2361 1824 2392 vestigiis
1850 2360 1978 2384 inherere
2004 2359 2142 2389 volentes,
2167 2360 2252 2391 prout

415 2418 511 2434 eorum
530 2410 727 2433 sanctionibus
747 2409 944 2435 informamur,
965 2417 1025 2432 curn
1048 2415 1095 2439 per
1115 2408 1203 2439 legem
1220 2408 1326 2438 regiam
1341 2408 1434 2430 omnis
1449 2409 1574 2438 potestas
1588 2413 1726 2436 omneque
1739 2404 1899 2428 Romanum
1914 2405 2064 2437 imperium
2080 2404 2109 2427 in
2125 2405 2250 2427 nostram

416 2455 453 2478 sit
473 2454 642 2478 translatum
658 2455 764 2485 regiam
778 2454 962 2479 maiestatem,
976 2455 1056 2476 cuius
1070 2453 1217 2484 proprium
1238 2454 1279 2475 est
1302 2452 1426 2475 misereri
1448 2457 1555 2482 semper
1574 2452 1601 2474 et
1620 2450 1801 2474 subditorum
1823 2450 1948 2480 peccatis
1967 2449 2123 2480 ignoscere,
2142 2449 2188 2478 qui
2210 2447 2253 2471 di-

415 2507 488 2531 gnos
503 2506 530 2522 sc
544 2499 706 2532 penitencia
723 2500 795 2522 iusta
811 2499 938 2525 reddunt„
959 2506 990 2521 ac
1003 2499 1044 2521 cis
1059 2497 1163 2529 regalis
1177 2497 1362 2520 liberalitatis
1376 2497 1513 2527 gremium
1529 2496 1646 2527 aperire,
1660 2501 1721 2518 curn
1735 2495 1858 2518 humana
1879 2493 2023 2524 fragilitas
2043 2493 2076 2516 de
2091 2491 2171 2516 sacili
2185 2491 2253 2515 labl-

417 2547 462 2567 tur
482 2544 515 2567 ad
536 2543 648 2571 delicta,
673 2545 701 2566 et
721 2542 784 2566 ideo
805 2544 931 2565 univcrsi
959 2543 1036 2566 orbis
1062 2542 1224 2565 severitatis
1251 2541 1359 2571 laqueis
1379 2547 1410 2563 ac
1431 2539 1576 2563 demeritis
1602 2539 1766 2566 subiaceret,
1792 2538 1848 2561 nisi
1875 2537 2033 2568 imperialis
2052 2536 2253 2560 benivolencia

417 2589 585 2615 sublevaret,
605 2587 649 2611 cui
669 2587 805 2610 convenit
826 2588 924 2619 pocius
944 2587 977 2610 de
995 2586 1192 2610 misericordia
1213 2593 1293 2615 quam
1315 2585 1348 2608 de
1367 2585 1517 2608 severitate
1536 2583 1650 2607 reddere
1669 2583 1811 2606 racionem
1833 2582 1956 2606 maxime
1976 2582 2053 2605 vicio
2073 2580 2176 2610 alieno,
2189 2580 2252 2603 fati-

412 2635 496 2664 gatos
515 2634 541 2655 et
562 2632 658 2663 lapsos
679 2633 800 2655 maxime
823 2632 857 2654 ad
874 2634 978 2655 rectum
999 2632 1141 2655 tramitem
1158 2629 1325 2655 reducendo,
1345 2628 1614 2658 considerantesque
1627 2627 1701 2658 quod
1715 2627 1790 2650 clare
1804 2627 1939 2650 memorie
1953 2625 2164 2649 invictissimus
2177 2625 2253 2656 prin-

418 2685 481 2708 ceps
495 2677 632 2700 Henricus
646 2677 791 2707 septimus,
806 2684 874 2699 avus
890 2678 994 2705 noster,
1008 2678 1075 2699 tunc
1091 2675 1231 2706 imperiali
1248 2673 1323 2697 solio
1338 2674 1521 2699 constitutus,
1535 2672 1665 2695 Iacobum
1681 2671 1823 2702 quondam
1839 2670 1972 2700 Manilii,
1987 2669 2155 2693 Ubertinum
2166 2675 2254 2699 quon-

419 2722 484 2745 dam
504 2721 657 2749 Bonifaeii,
677 2721 828 2744 Nicolaum
849 2721 908 2743 eius
929 2720 1026 2747 filium,
1041 2719 1201 2743 Marsilium
1221 2718 1363 2749 quondam
1383 2716 1525 2747 Peretgani,
1545 2716 1702 2747 Obiqonem
1722 2715 1866 2746 quondam
1886 2714 2008 2738 Marsilii
2029 2713 2062 2737 de
2081 2712 2167 2736 domo
2187 2712 2252 2736 illo-

510 2868 532 2884 2.
554 2861 628 2884 unde
648 2861 717 2883 voto
739 2860 761 2883 S
774 2872 802 2875 ψ
819 2859 1010 2889 4>3.1ac0bin.
1026 2859 1059 2882 fr.
1074 2866 1108 2881 m.
1123 2858 1216 2881 iacobi
1233 2857 1267 2880 de
1281 2855 1413 2880 Carraria
1429 2856 1492 2879 8-
1514 2860 1537 2886 7.
1551 2852 1613 2881 Que
1629 2854 1718 2885 ipsius
1731 2853 1826 2877 Iacobi
1842 2855 1944 2884 rogatu
1956 2852 1980 2877 S
1992 2864 2025 2870 —
2038 2850 2092 2883 8-9.
2112 2857 2202 2875 uxor.
2213 2868 2220 2875 .
2231 2866 2238 2874 .
2249 2868 2255 2875 .

424 2910 483 2926 eam
504 2912 552 2927 om.
576 2904 598 2927 S
615 2915 645 2920 —
666 2909 690 2934 9.
710 2901 779 2925 Fuit
798 2902 901 2932 ubique
921 2902 944 2925 S
960 2914 993 2918 —-
1016 2907 1055 2924 10.
1075 2901 1243 2924 ducatorum
1264 2899 1286 2923 S
1303 2911 1313 2916 -
1334 2896 1425 2925 Quam
1446 2898 1469 2922 S
1485 2910 1516 2914 —-—
1539 2903 1580 2920 12.
1595 2897 1685 2929 ipsius
1697 2895 1792 2920 Iacobi
1808 2895 1884 2920 filius
1898 2895 1917 2920 5
1935 2907 1963 2912 —
1987 2901 2026 2926 17.
2041 2901 2111 2925 quos
2125 2900 2221 2917 omnes
2235 2893 2258 2918 S

516 3007 522 3021 ¹
544 3007 678 3034 Comus„
701 3006 839 3034 Chronica,
859 3004 905 3031 IX,
930 3011 970 3028 10.
1454 2999 1463 3014 ²
1487 3001 1623 3029 Con-rue„
1645 2999 1785 3028 Chronica,
1806 2999 1852 3030 IX,
1874 3005 1913 3030 13.

2270 1737 2310 1769 25

2277 2045 2313 2073 30

2281 2266 2315 2294 35

2283 2489 2318 2516 40

2283 2708 2316 2736 45

2414 3174 2419 3185 ⁴
2407 3082 2422 3140 ⁷¹7·
2408 2772 2422 3065 —m v
2411 2723 2416 2750 ss>
