2422 3684
483 241 655 277 GESTA
683 241 987 279 MAGNIFIGA
1016 244 1202 279 DOMUS
1230 245 1624 282 CARRARIENSIS

447 375 586 408 REnAz.
621 376 653 407 A

131 449 164 480 in
188 449 340 489 ipsorum
363 447 577 479 eversionem
593 457 661 479 non
679 447 853 479 modicum
871 448 976 479 anhe-

132 501 259 534 labant.
283 501 486 533 Patriarcha
499 501 571 542 ipse
585 501 705 532 videns
716 501 815 532 ruine
828 501 976 542 ipsorum

132 555 244 587 locum
269 554 399 592 adesse,
422 565 463 585 eo
487 554 580 596 quod
596 559 692 586 extra
709 554 822 585 locum
839 553 977 596 Spilim-

131 608 227 651 bergi
257 608 303 639 ad
326 607 502 650 quoddam
526 607 651 639 festum
679 608 790 639 sancti
814 608 976 644 Danielis,

132 662 225 703 quod
247 667 344 692 extra
374 667 522 692 castrum
546 661 654 702 ipsum
679 661 800 693 Sancti
824 661 977 693 Danielis

131 714 335 751 celebratur,
350 714 524 746 confluere
538 713 879 757 Spilimbergensium
893 715 978 746 mul-

130 774 164 800 ta
196 773 269 799 erat
299 767 482 799 multitudo
515 772 688 807 consueta,
722 778 824 798 manu
848 775 977 799 armata

131 821 233 859 misit,
256 821 312 864 qui
336 822 544 853 accedentes
563 822 605 852 ad
624 822 748 853 festum
773 822 882 863 ipsum
900 822 979 863 Spi-

130 875 381 916 limbergenses
419 875 656 916 opprimerent
697 880 732 905 et
769 874 977 913 detinerent,

130 934 164 960 et
186 927 237 959 sic
262 928 399 959 demum
424 939 486 969 per
508 928 601 969 ipsos
624 927 668 959 ad
691 933 815 959 terram
841 928 978 969 Spilim-

131 981 229 1024 bergi
253 981 337 1012 irrui
362 981 394 1012 vi
419 987 499 1018 tota,
514 992 582 1023 quo
606 981 649 1012 de
674 981 825 1023 ipsorum
849 981 978 1012 iuribus

130 1034 400 1071 subtraheretur,
423 1034 452 1065 si
476 1040 601 1075 posset.
646 1033 703 1065 Ad
727 1035 821 1076 quod
839 1035 976 1076 quidem

131 1088 257 1120 festum
288 1098 355 1118 non
385 1087 483 1118 solita
515 1087 697 1119 multitudo
729 1088 848 1118 forsan
878 1088 977 1119 huius

131 1140 366 1173 ordinacionis
385 1140 537 1172 sciencia
554 1140 735 1172 confluxit.
781 1141 819 1172 In
843 1142 905 1171 lios
927 1146 978 1172 ta-

130 1205 220 1232 men,
243 1193 300 1236 qui
326 1199 502 1231 venerant,
527 1193 639 1224 factus
656 1200 705 1225 est
721 1194 868 1234 impetus
891 1194 976 1225 mul-

130 1248 223 1289 tique
246 1253 324 1278 sunt
348 1248 452 1288 capti,
477 1253 511 1278 et
533 1247 582 1278 sic
606 1247 640 1277 in
665 1245 976 1289 Spilimbergenses

129 1300 277 1332 inditum
302 1306 352 1331 est
375 1299 532 1341 prelium.
581 1298 687 1336 Quod
712 1300 896 1342 magnifico
918 1301 978 1332 do-

130 1354 223 1385 mino
242 1353 430 1385 Francisco
449 1354 490 1384 de
508 1351 668 1383 Carraria
687 1353 788 1384 valde
807 1353 976 1395 diplicust,

132 1407 211 1449 quia
241 1407 335 1438 iuxta
367 1406 524 1437 ordinem
557 1407 672 1437 datum
706 1417 772 1437 non
805 1407 919 1439 fuerat
942 1407 974 1438 in

131 1461 196 1492 hoc
220 1470 430 1502 processum.
478 1459 565 1490 Nam
591 1459 662 1500 ipse
688 1460 888 1501 magnificus
915 1459 976 1491 do-

130 1514 240 1545 minus
262 1513 305 1544 de
338 1512 531 1543 huiusmodi
562 1512 689 1543 unione
722 1513 842 1544 illustri
870 1513 976 1554 scrip-

131 1573 221 1598 serat
236 1567 309 1608 regi
326 1565 516 1607 Hungarie‚
533 1576 575 1596 an
590 1565 655 1596 sibi
673 1566 827 1606 placeret
843 1566 898 1597 vel
917 1576 975 1603 nc3

132 1626 210 1651 ante
245 1619 341 1651 cuius
364 1629 566 1660 responsum
599 1619 744 1660 procedi
775 1629 842 1650 non
870 1619 976 1651 debe-

132 1679 224 1704 retur
258 1673 302 1703 ad
342 1671 541 1704 novitatem.
589 1672 660 1707 Set,
694 1679 871 1714 postquam
904 1679 978 1704 tan-

132 1734 202 1760 tum
225 1727 274 1758 sic
298 1737 353 1758 res
368 1731 594 1767 processerat,
611 1726 760 1756 instante
779 1726 976 1766 patriarcha

133 1781 175 1812 de
199 1780 265 1811 sibi
287 1778 466 1821 prebendo
483 1778 635 1810 subsidio
652 1785 686 1809 et
703 1779 886 1821 magnifico
903 1779 977 1820 ipso

133 1833 271 1865 domino
294 1842 495 1873 responsum
520 1832 651 1874 regium
667 1838 883 1873 expectante,
900 1844 977 1874 pre-

133 1886 246 1918 dictus
269 1886 341 1926 ipse
359 1885 518 1917 dominus
533 1885 599 1926 ipsi
617 1885 756 1917 domino
781 1886 976 1926 pa1riarche

133 1940 277 1970 ducatos
311 1937 402 1968 misit
437 1937 529 1968 mille
566 1938 650 1975 auri,
679 1938 801 1979 quibus
839 1940 977 1970 nomine

131 1992 328 2034 patriarche
352 1991 450 2022 miles
474 1991 666 2022 conductus
682 1997 743 2022 est.
783 1992 924 2023 Demum
942 2003 977 2023 re

133 2046 382 2077 invallescente
405 2044 662 2076 Carrariensem
685 2044 860 2076 dominum
877 2055 978 2086 opor-

133 2099 198 2131 tuit
220 2099 302 2130 illuc
318 2104 437 2141 gentes
455 2098 606 2135 mictere‚
625 2097 748 2139 quibus
765 2099 833 2129 dux
849 2099 978 2139 prefuit

132 2153 229 2184 miles
245 2157 405 2183 strenuus
421 2151 578 2183 dominus
595 2149 744 2182 Mannus
762 2153 805 2183 de
822 2152 977 2189 Donatis,

134 2215 281 2247 cumque
311 2205 364 2236 his
396 2204 556 2246 gentibus
591 2205 848 2237 Foroiulienses
884 2207 976 2236 cirea

133 2265 282 2290 castrum
318 2258 503 2300 Umspergi
541 2257 886 2301 Spilimbergensium
923 2270 976 2290 ca-

133 2312 321 2344 strametati
336 2317 423 2343 sunt.
449 2309 553 2347 Quod
571 2317 720 2342 castrum
739 2318 805 2342 tam
825 2312 883 2343 diu
901 2324 977 2343 cum

133 2365 302 2396 machinis
325 2371 359 2396 et
382 2365 561 2405 oportunis
585 2365 661 2395 aliis
679 2365 868 2401 turbarunt,
886 2366 978 2407 quod

133 2418 241 2460 ipsius
264 2418 425 2450 custodes
448 2419 559 2460 ipsum
592 2419 728 2451 tradere
754 2420 865 2450 coacti
890 2426 979 2458 sunt,

135 2471 228 2514 quod
251 2472 285 2502 in
317 2472 520 2513 precipitem
550 2473 681 2504 ruinam
714 2472 809 2503 illico
841 2472 976 2503 missum

134 2531 196 2557 est.
219 2525 312 2557 Ante
325 2526 422 2557 cuius
434 2527 535 2558 castri
549 2527 769 2558 dedicionem
784 2525 978 2563 Bertoldus‚

133 2587 222 2608 unus
245 2588 287 2608 ex
311 2577 459 2608 dominis
482 2578 525 2608 de
551 2578 866 2621 Spilimbergo‚qui
890 2581 979 2611 intus

135 2636 218 2667 erat,
244 2636 347 2661 nocte
372 2631 519 2672 quadam
544 2632 680 2674 aufugit
703 2643 765 2674 per
789 2633 902 2672 devia,
935 2635 978 2665 ad

136 2689 283 2713 castrum
307 2683 516 2715 Chuchanee
531 2686 747 2726 perveniens,
765 2693 799 2718 et
811 2687 893 2718 inde
910 2698 980 2718 sus-

135 2735 259 2766 sidium
283 2736 527 2778 imploraturus
551 2739 596 2769 ad
625 2737 762 2770 Austrie
788 2740 911 2771 ducem
943 2751 978 2770 56

136 2789 318 2821 transtulit.
365 2790 440 2822 Hoc
463 2790 577 2832 itaque
605 2798 760 2833 peracto,
791 2804 878 2835 gens
908 2799 979 2824 tota

137 2841 407 2884 Spilimbergum
432 2843 612 2875 obsessura
635 2847 802 2886 pervenit,
826 2847 883 2878 ubi
913 2856 979 2876 non

137 2897 196 2927 diu
227 2897 330 2936 stetit,
355 2903 404 2928 set
431 2909 467 2929 se
499 2899 708 2930 transferens
738 2899 771 2929 in
804 2899 977 2930 obsessum

226 3014 264 3031 22.
287 3009 420 3032 unionem
440 3010 477 3032 ,11

1045 874 1081 904 10

1040 1407 1080 1436 20

1042 1938 1081 1968 30

1042 2202 1080 2234 35

1043 2469 1082 2498 40

1044 2737 1082 2768 45

1456 379 1597 411 REDAZ.
1620 381 1657 411 D

1135 459 1194 480 era
1207 449 1393 481 inanimadi
1419 455 1539 481 contra
1556 451 1651 492 quilli
1670 451 1714 483 da
1730 452 1973 495 Spilimbergo,

1134 502 1262 544 perche
1288 514 1349 544 per
1372 503 1406 534 la
1433 513 1491 535 soa
1523 514 1689 544 possanza
1715 505 1773 536 elli
1805 512 1972 545 tractava,

1136 553 1200 585 che
1225 554 1246 583 ’1
1270 553 1353 585 duse
1378 554 1527 596 viguisse
1551 554 1585 584 in
1611 555 1727 594 Frioli,
1752 557 1880 599 acoche
1905 558 1973 590 ello

1134 607 1318 638 suvertisse
1353 607 1466 649 quella
1501 607 1626 644 Patria,
1658 615 1692 639 et
1729 609 1879 641 etiandio
1912 621 1976 651 per

1136 660 1252 696 vedar‚
1284 670 1320 691 se
1354 660 1374 690 'l
1400 660 1494 691 dicto
1525 661 1608 691 duse
1632 661 1783 703 vignisse
1808 662 1841 693 in
1866 663 1974 701 Italia,

1136 713 1200 743 che
1226 713 1293 744 ello
1317 723 1361 743 no
1385 713 1528 744 havesse
1552 719 1694 755 recepto
1718 714 1753 744 in
1784 714 1813 746 la
1846 715 1975 753 Patria,

1135 767 1240 808 pei-,co
1264 767 1323 797 elli
1348 766 1507 798 desirava
1524 767 1629 798 molto
1655 767 1686 798 la
1711 768 1811 799 ruina
1836 770 1870 800 di
1891 769 1973 801 dicti

1136 821 1180 851 da
1197 820 1445 863 Spilirnbergo.
1487 820 1567 852 Alla
1584 821 1661 863 qual
1680 822 1836 864 vecando
1862 824 1890 853 el
1917 835 1976 864 pa—

1136 874 1285 905 triarcha
1311 884 1403 904 esser
1426 874 1537 917 luogo,
1562 875 1692 915 perch'e
1717 875 1815 906 fuora
1837 876 1881 908 da
1905 876 1975 908 San

1137 926 1292 967 Daniele,
1317 928 1422 958 castel
1448 927 1535 958 visin
1560 939 1579 958 a
1604 927 1847 971 Spilimbergo,
1872 940 1907 960 se
1926 931 1977 961 fa-

1135 991 1192 1012 sea
1215 991 1283 1011 una
1308 981 1406 1017 festa,
1432 980 1484 1012 ala
1503 980 1581 1022 qual
1598 981 1670 1012 sole
1689 991 1877 1014 concorrer
1895 984 1975 1015 tutti

1136 1034 1232 1076 quilli
1258 1034 1303 1065 da
1327 1034 1561 1076 Spilimbergo
1586 1034 1712 1065 mando
1736 1042 1837 1076 gente
1854 1047 1874 1067 a
1899 1048 1977 1068 man

1135 1088 1286 1125 armada,
1300 1087 1364 1118 che
1382 1088 1492 1128 piasse
1511 1093 1544 1119 et
1561 1088 1760 1119 destenesse
1775 1090 1854 1121 tutti
1868 1090 1976 1131 [quel-

1135 1141 1169 1181 li]
1195 1141 1239 1171 da
1256 1140 1502 1182 Spilimbergo,
1529 1140 1593 1171 che
1618 1141 1764 1172 andasse
1784 1152 1804 1172 0
1822 1147 1976 1174 trovasse

1137 1193 1203 1224 alla
1219 1193 1310 1224 dicta
1335 1193 1436 1230 festa,
1459 1198 1493 1224 et
1513 1193 1576 1224 che
1602 1194 1660 1234 poi
1685 1204 1751 1225 con
1775 1195 1855 1236 ogni
1879 1196 1978 1237 forca

1136 1246 1195 1278 elli
1215 1256 1369 1278 corresse
1393 1245 1461 1276 alla
1484 1252 1587 1284 terra,
1605 1247 1638 1277 la
1655 1247 1734 1288 qual
1752 1248 1809 1279 elli
1834 1249 1977 1280 dovesse

1137 1300 1220 1341 piar,
1245 1310 1281 1330 se
1304 1299 1355 1330 illi
1380 1309 1548 1340 possesse.
1596 1300 1655 1331 Ma
1680 1300 1746 1331 alla
1771 1302 1865 1334 dicta
1890 1303 1978 1334 festa

1136 1363 1181 1384 no
1203 1353 1295 1384 ando
1319 1354 1398 1394 quel
1431 1353 1466 1383 di
1497 1353 1611 1394 quella
1642 1354 1879 1392 mostitudene,
1912 1356 1977 1386 che

1137 1417 1195 1438 era
1226 1406 1342 1443 usada,
1375 1416 1394 1436 0
1427 1406 1491 1437 che
1524 1406 1581 1437 elli
1609 1418 1744 1438 savesse
1781 1407 1824 1438 de
1856 1415 1978 1450 questo

1139 1461 1278 1496 ordene,
1307 1470 1326 1491 ο
1353 1460 1443 1491 fosse
1470 1469 1568 1490 como
1593 1471 1628 1491 se
1653 1460 1796 1492 volesse.
1844 1461 1914 1492 Pur
1943 1463 1978 1493 in

1137 1513 1244 1554 quilli,
1258 1513 1324 1543 che
1337 1522 1379 1555 ge
1397 1522 1518 1548 venne,
1534 1512 1569 1543 fo
1583 1513 1679 1544 facto
1697 1514 1832 1553 assalto,
1849 1521 1882 1546 et
1896 1515 1977 1546 fono

1136 1566 1230 1597 molti
1254 1565 1355 1606 presi,
1380 1571 1413 1596 et
1433 1565 1501 1596 cosi
1520 1566 1556 1597 fo
1575 1567 1786 1608 comencada
1804 1568 1838 1598 la
1853 1578 1977 1609 guerra

1136 1631 1155 1650 a
1180 1618 1277 1660 quilli
1302 1619 1345 1649 da
1369 1618 1611 1660 Spilimbergo.
1655 1619 1706 1650 La
1724 1620 1801 1662 qual
1823 1631 1903 1652 cosa
1921 1622 1980 1652 de-

1137 1672 1247 1713 spiase
1283 1673 1387 1703 molto
1424 1672 1454 1702 al
1487 1672 1669 1714 magnifico
1705 1673 1823 1715 signos
1854 1675 1980 1706 mesier

1137 1726 1332 1756 Fran-cesco
1368 1724 1411 1756 da
1443 1723 1600 1762 Carrara,
1633 1726 1762 1767 perche
1794 1728 1827 1757 in
1859 1735 1978 1769 questo

1137 1779 1230 1809 facto
1254 1789 1298 1809 no
1322 1779 1358 1809 fo
1383 1779 1706 1821 procedusegondo
1732 1780 1896 1818 1'ordene,
1915 1781 1979 1813 che

1138 1841 1196 1862 era
1213 1831 1267 1861 da.
1306 1831 1425 1862 Havea
1442 1831 1473 1861 el
1492 1831 1584 1862 dicto
1601 1832 1717 1874 signor
1734 1834 1857 1864 niesier
1875 1835 1980 1865 Fran-

1138 1895 1239 1916 cesco
1263 1885 1306 1915 de
1331 1890 1451 1926 questa
1474 1885 1601 1916 unione
1627 1885 1757 1927 scripto
1782 1898 1802 1917 a
1825 1887 1979 1919 l'illustre

1137 1947 1173 1969 re
1198 1938 1241 1967 de
1266 1937 1453 1979 Hongaria,
1479 1948 1514 1968 se
1540 1938 1605 1969 ella
1630 1938 1663 1969 ie
1687 1940 1802 1980 piasea
1827 1952 1845 1971 0
1866 1951 1928 1973 no:
1946 1948 1979 1972 et

1137 1991 1239 2032 nanci
1264 1992 1295 2021 la
1318 1996 1475 2031 resposta
1500 1991 1554 2022 del
1583 1992 1675 2022 dicto
1692 2003 1728 2023 re
1755 2003 1798 2024 no
1815 2004 1850 2023 se
1869 1995 1979 2025 dove-a

1137 2044 1309 2085 procedet
1331 2043 1375 2073 ad
1399 2044 1527 2085 alguna
1551 2045 1678 2075 novita.
1718 2046 1775 2077 Ma
1793 2047 1847 2087 po*
1867 2048 1930 2077 che
1950 2048 1979 2078 la

1138 2107 1218 2129 cosa
1243 2106 1300 2127 era
1326 2107 1389 2137 pur
1413 2097 1550 2128 andada
1574 2103 1669 2129 tanto
1692 2098 1807 2141 inanci
1826 2106 1859 2130 et
1876 2101 1980 2131 insta-

1137 2150 1251 2193 gando
1277 2149 1306 2180 el
1333 2150 1529 2190 patriarcha
1553 2151 1617 2181 che
1644 2151 1663 2181 ’l
1689 2152 1782 2184 dicto
1807 2153 1925 2195 signor
1949 2155 1979 2185 ie

1137 2204 1235 2235 desse
1253 2203 1416 2239 subsidio,
1434 2204 1465 2234 el
1484 2204 1578 2235 dicto
1595 2204 1714 2246 signor
1740 2207 1931 2247 spectando
1949 2208 1980 2238 la

1138 2262 1292 2298 resposta
1316 2257 1373 2288 del
1397 2267 1445 2295 re,
1469 2257 1501 2287 in
1536 2265 1655 2299 questo
1688 2270 1783 2299 meco
1807 2261 1838 2290 el
1863 2261 1980 2301 signor

1136 2310 1260 2341 mesier
1288 2310 1482 2341 Francesco
1514 2311 1640 2342 mando
1673 2313 1789 2344 ducati
1822 2301 1914 2344 mille
1946 2315 1976 2345 al

1138 2363 1232 2394 dicto
1258 2362 1438 2403 patriarca,
1463 2373 1529 2394 con
1554 2364 1562 2393 i
1583 2365 1674 2406 quali
1692 2365 1759 2397 ello
1777 2366 1859 2397 tolse
1877 2372 1978 2408 gente

1138 2417 1182 2447 da
1213 2416 1350 2447 cavallo
1383 2426 1448 2456 pur
1479 2426 1497 2446 a
1528 2427 1565 2448 so
1597 2427 1707 2449 nome.
1756 2420 1813 2450 Ma
1841 2420 1908 2451 alla
1934 2421 1978 2451 fin

1137 2469 1366 2501 scaldandose
1382 2469 1439 2508 piu
1457 2469 1488 2500 16
1506 2480 1598 2508 6056,
1616 2471 1645 2501 al
1664 2473 1847 2514 magnifico
1864 2473 1981 2515 signor

1137 2522 1261 2553 mesier
1293 2523 1488 2553 Francesco
1512 2533 1669 2554 convene
1701 2525 1846 2556 mandar
1875 2530 1978 2566 gente

1138 2576 1170 2607 al
1195 2576 1287 2607 dicto
1311 2575 1518 2616 patriarcha,
1544 2577 1634 2608 delle
1653 2578 1731 2619 qual
1747 2583 1850 2619 gente
1867 2579 1903 2609 fo
1923 2588 1979 2608 ca-

1139 2629 1266 2670 pitanio
1292 2629 1323 2659 el
1346 2629 1519 2660 cavaliero
1545 2631 1685 2673 egregio
1710 2631 1833 2662 mesier
1850 2631 1979 2662 Manno

1140 2683 1288 2720 Donato,
1312 2688 1346 2713 et
1365 2692 1430 2714 con
1450 2689 1568 2723 queste
1587 2690 1690 2725 gente
1707 2684 1719 2714 i
1736 2685 1877 2716 Furlani
1896 2694 1979 2725 pose

1140 2745 1261 2776 campo
1286 2736 1329 2766 ad
1354 2735 1560 2778 Umspergo,
1585 2737 1726 2768 castello
1751 2739 1794 2768 de
1820 2737 1917 2779 quilli
1935 2738 1978 2768 da

1138 2788 1396 2830 SpillimbergO.
1427 2789 1469 2819 El
1482 2789 1560 2830 qual
1579 2790 1721 2821 castello
1740 2800 1803 2821 con
1819 2801 1965 2833 mnngan

1140 2848 1173 2872 et
1198 2842 1283 2872 altre
1310 2851 1388 2872 cose
1413 2841 1598 2883 bisognose
1623 2842 1680 2873 elli
1707 2843 1854 2874 conbate
1872 2849 1979 2881 tanto,

1141 2895 1205 2925 che
1230 2895 1338 2935 quilii,
1371 2895 1434 2925 che
1468 2895 1489 2926 'l
1521 2896 1706 2937 guardam,
1739 2897 1768 2926 el
1801 2907 1979 2927 convenne
