2422 3684
430 211 449 245 8
772 210 945 245 GESTA
974 210 1276 246 MAGNIFICA
1304 210 1491 246 DOMUS
1520 211 1907 248 CARRARIENSIS

421 416 484 448 IX.
509 435 549 439 -—
574 415 718 448 Domini
740 415 935 448 Albertimcs
960 420 993 447 et
1020 416 1157 447 lacobus
1171 415 1321 459 frutra,
1353 416 1510 448 Albrz'cus
1533 417 1611 455 Leo,
1635 417 1838 461 Bonifacz'us
1851 418 1991 461 fratres
2013 423 2046 450 ct
2064 419 2259 462 primorum

508 481 686 512 germunt.

514 561 563 591 12.
589 559 669 601 [25].
694 579 735 583 -—
759 560 890 592 Horum
916 566 1065 602 quatuor
1096 560 1166 592 duo
1197 560 1307 601 primi,
1339 560 1452 592 silicet
1485 561 1616 593 domini
1648 561 1848 594 Albertinus
1878 569 1912 596 et
1942 562 2135 603 Iambinus,
2166 574 2256 595 anno

423 612 555 644 domini
581 612 786 645 MCCXHII
810 613 1044 654 suprascripto
1070 613 1210 645 domino
1234 613 1392 644 Marsilio
1416 620 1676 651 successerunt;
1701 615 1759 646 alii
1777 617 1855 654 duo,
1873 616 1984 648 silicet
2006 615 2168 648 Albricus
2182 615 2256 648 Leo

422 671 456 697 et
480 666 688 706 Bonifacius,
712 678 802 698 anuo
828 667 956 699 domini
977 667 1181 699 MCCXXH
1205 673 1447 698 successerunt
1463 667 1604 699 domino
1620 667 1725 700 Petro
1742 669 1882 708 Comiti,
1900 669 1999 701 fratri
2016 669 2147 701 domini
2162 669 2256 701 Mar-

422 719 499 751 silii.
547 720 607 752 Set
632 721 711 763 quia
734 732 798 762 per
822 728 967 753 mortem
992 727 1060 753 tam
1085 727 1219 763 patrum
1246 732 1347 763 quam
1371 727 1572 763 patruorum
1603 723 1728 764 pupilli
1761 729 1998 755 remanserunt
2028 723 2071 754 ad
2103 722 2254 761 invicem

422 773 484 805 sub
509 775 616 805 tutela
640 775 780 806 domine
804 775 926 809 Marie„
951 776 1018 806 filie
1043 776 1173 807 domiui
1198 775 1335 808 Alberti
1360 776 1403 807 de
1428 776 1557 814 Baone‚
1577 787 1694 809 eorum
1718 777 1805 814 avie,
1823 778 1866 809 de
1889 778 1972 819 ipsis
1989 783 2138 819 quatuor
2160 776 2258 807 simul

426 826 484 858 hic
508 827 584 868 ipse
609 829 789 860 conscribo
805 829 823 859 ¹.
872 829 1003 860 Horum
1028 839 1112 870 opes
1135 829 1295 870 predicta
1319 830 1458 862 domina
1489 829 1613 867 Maria,
1645 840 1763 862 eorum
1795 831 1883 868 avia,
1914 829 2122 862 mirabiliter
2152 829 2258 867 auxit,

423 886 585 921 quantum
611 882 674 913 sub
698 893 738 913 ea
763 883 894 923 parvuli
922 888 1170 920 remanserunt,
1195 883 1348 914 nondum
1374 883 1417 914 ad
1436 893 1605 923 expensas
1622 884 1747 916 idonei.
1795 882 1929 920 Quibus
1949 890 2063 915 tamen
2080 889 2115 914 et
2130 882 2165 914 in
2189 888 2259 914 tam

422 933 563 964 iuvenili
589 940 679 965 etate
703 935 737 965 in
764 936 867 966 domo
891 935 1033 976 propria
1058 935 1224 967 nobilium
1249 946 1434 977 puerorum
1466 936 1532 967 fuit
1562 937 1722 973 societas,
1746 937 1803 979 qui
1835 937 1934 968 simul
1965 947 2034 968 uno
2066 935 2190 968 ordine
2222 941 2257 967 et

422 987 542 1027 pannis
559 988 727 1019 similibus
742 988 993 1028 vesciebautur‚
1007 989 1150 1030 prefulti
1167 1000 1303 1030 semper
1319 989 1570 1022 honorabilium
1589 990 1796 1022 familiarum
1813 991 1988 1022 comitiva.
2025 989 2126 1022 Ducti
2145 995 2255 1020 autem

423 1041 468 1071 ad
493 1041 658 1072 maiorem
677 1047 813 1078 etatem,
830 1053 1065 1082 precessorum
1084 1053 1179 1074 more
1198 1043 1297 1084 equis
1315 1049 1347 1074 et
1363 1043 1467 1074 armis
1485 1043 1648 1074 delectati
1665 1049 1757 1081 sunt3
1774 1044 1811 1075 in
1826 1044 1973 1085 aucupio
1989 1043 2109 1084 seduli,
2128 1042 2260 1074 nobiles

424 1094 589 1135 cuiusque
615 1096 750 1135 generis
770 1096 965 1127 habuerunt
988 1106 1086 1133 aves:
1109 1096 1266 1128 similiter
1289 1103 1323 1128 et
1347 1096 1512 1137 cuiusque
1537 1097 1701 1128 maneriei
1727 1107 1830 1129 canes
1847 1098 1943 1140 quasi
1960 1107 2084 1140 greges
2099 1097 2132 1128 in
2151 1095 2259 1127 domi-

423 1146 486 1178 bus
510 1148 697 1179 habebant.
734 1148 867 1180 Amicis
890 1149 1052 1181 liberales
1068 1156 1102 1180 et
1116 1149 1280 1186 munifici,
1305 1150 1446 1181 heroum
1470 1150 1728 1192 magnificorum
1747 1150 1921 1183 amicicias
1938 1151 2128 1190 coluerunt,
2143 1148 2259 1191 magni

423 1199 459 1230 in
485 1201 749 1232 necessitatibus
772 1202 901 1242 populo
926 1201 1131 1239 subsidiarii,
1155 1203 1216 1234 sed
1241 1203 1425 1234 noluerunt
1449 1213 1549 1243 pares
1573 1203 1712 1240 habere,
1735 1204 1843 1236 nescii
1867 1203 2068 1235 iniuriarum
2099 1201 2259 1234 oblivisci

423 1263 487 1285 nec
511 1264 639 1295 negare
665 1254 869 1296 postulatam
895 1255 938 1286 ab
962 1256 1082 1287 amicis
1106 1265 1219 1296 opem.
1258 1256 1320 1287 His
1343 1261 1440 1288 tanta
1466 1256 1534 1288 fuit
1550 1267 1652 1298 opum
1671 1257 1782 1298 copia,
1800 1257 1902 1300 quod,
1920 1258 1954 1288 in
1970 1268 2006 1289 se
2024 1256 2170 1299 qualiter
2185 1255 2258 1287 avi-

423 1313 492 1338 tam
516 1307 708 1339 diviserunt
731 1308 972 1345 hereditatem,
997 1308 1163 1350 opusculo
1187 1309 1339 1350 presenti
1363 1310 1495 1351 placuit
1517 1309 1734 1342 interserere.

518 1406 566 1436 13.
591 1405 669 1447 [27].
696 1424 733 1428 ——
759 1406 842 1438 Erat
865 1413 979 1438 tamen
1003 1407 1068 1438 iam
1095 1407 1253 1440 dominus
1276 1407 1480 1440 Bonifaeius
1504 1419 1523 1439 a
1547 1409 1666 1440 seculo
1690 1414 1881 1450 exemptus,
1906 1420 1949 1441 ex
1971 1420 2040 1451 quo
2064 1409 2153 1441 inter
2177 1409 2260 1440 alios

424 1458 474 1489 sic
499 1459 624 1490 divisio
648 1460 817 1500 processit
830 1459 851 1491 ².
891 1460 1056 1491 Dominus
1082 1460 1244 1492 Albricus
1268 1461 1340 1492 Leo
1364 1461 1400 1492 in
1424 1467 1522 1502 parte
1547 1471 1608 1493 sua
1630 1461 1850 1493 Pernumiam
1868 1462 1985 1494 habuit
2009 1473 2085 1494 cum
2110 1468 2182 1494 tota
2199 1471 2261 1493 sua

2285 936 2323 966 10

2288 1200 2324 1233 15

425 1512 532 1548 curia,
556 1513 733 1544 territorio
758 1520 791 1543 et
815 1513 988 1547 comitatu.
1013 1519 1047 1545 et
1071 1524 1171 1545 omne
1196 1514 1292 1551 illud,
1316 1514 1409 1555 quod
1426 1515 1491 1555 ipsi
1515 1514 1711 1547 dividentes
1727 1515 1857 1547 habent
1872 1516 1907 1547 in
1925 1515 2019 1547 dicto
2038 1515 2115 1547 loco
2130 1514 2185 1546 vel
2202 1514 2258 1545 alii
2283 1514 2325 1545 20

424 1570 541 1596 tenent
565 1576 628 1605 pro
653 1565 701 1596 eis
725 1577 787 1607 per
814 1567 951 1597 seudum
978 1567 1046 1598 sive
1071 1567 1224 1598 livellum
1249 1568 1304 1598 vel
1329 1567 1398 1598 alio
1423 1578 1642 1610 quocumque
1659 1569 1781 1605 modo3
1798 1574 1831 1600 et
1847 1569 1932 1600 illud
1949 1574 2067 1606 totum,
2085 1568 2178 1610 quod
2195 1567 2261 1609 ipsi

426 1617 555 1649 habent
578 1619 613 1649 in
639 1619 801 1650 Solexino
830 1626 865 1651 et
888 1620 921 1651 in
947 1620 1115 1652 Scodosia
1139 1621 1195 1651 vel
1221 1621 1277 1652 alii
1302 1631 1364 1662 pro
1385 1622 1443 1653 eis.
1489 1621 1533 1653 Et
1565 1621 1684 1653 habuit
1714 1621 1847 1665 Agnam
1873 1632 1951 1654 curn
1973 1627 2045 1654 tota
2068 1633 2128 1653 sua
2151 1621 2260 1658 curia,

429 1671 583 1702 teritorio
609 1678 642 1703 et
666 1673 903 1712 pertinenciis,
929 1674 1039 1705 silicet
1063 1684 1138 1705 cum
1165 1674 1271 1706 Cesso
1297 1680 1331 1706 et
1355 1673 1549 1711 Albareda:
1575 1681 1608 1707 et
1623 1685 1723 1706 omne
1740 1675 1786 1716 id,
1807 1675 1901 1718 quod
1916 1675 1982 1716 ipsi
2006 1675 2202 1707 dividentes
2226 1674 2270 1705 in¹

429 1724 532 1755 dictis
555 1724 641 1756 locis
666 1725 795 1757 habent
820 1726 863 1757 ad
887 1738 965 1757 suas
988 1738 1108 1758 manus
1131 1729 1185 1758 vel
1203 1727 1260 1759 alii
1278 1738 1340 1769 pro
1358 1728 1405 1759 eis
1422 1738 1484 1769 per
1505 1729 1645 1760 feudum
1671 1729 1725 1760 vel
1750 1728 1899 1760 livellum
1915 1739 1976 1760 seu
2000 1729 2068 1760 alio
2091 1728 2211 1765 modo3
2227 1733 2262 1759 et

425 1783 531 1808 totum
559 1777 657 1815 illud,
681 1779 774 1819 quod
799 1780 862 1820 ipsi
887 1780 1015 1811 domini
1040 1781 1094 1812 vel
1119 1780 1176 1811 alii
1202 1791 1265 1821 pro
1290 1781 1339 1812 eis
1356 1780 1486 1812 habeut
1513 1781 1546 1812 in
1565 1781 1792 1823 Bredepalea,
1809 1781 1843 1813 in
1860 1780 1973 1813 Casali
1994 1788 2028 1813 et
2044 1781 2201 1813 Ronchis
2217 1780 2261 1812 de
2285 1778 2327 1812 25

429 1828 540 1861 Casali
567 1837 599 1862 et
623 1831 656 1861 in
681 1831 924 1864 Patriarcliatu
950 1840 982 1865 et
1005 1834 1040 1865 in
1065 1834 1170 1865 curiis
1194 1840 1227 1866 et
1251 1835 1433 1866 territoriis
1449 1834 1702 1877 predictorum:
1729 1841 1762 1867 et
1778 1845 1879 1867 omne
1896 1835 1993 1873 illud,
2010 1834 2102 1877 quod
2119 1833 2263 1877 Egidius

425 1882 607 1915 Simacane
635 1884 740 1916 habet
764 1885 795 1915 in
823 1885 980 1918 Tribauo
1004 1887 1060 1918 vel
1085 1893 1119 1918 et
1143 1888 1177 1918 in
1211 1888 1282 1918 eius
1310 1888 1487 1919 territorio
1518 1888 1573 1920 vel
1599 1888 1656 1919 alii
1682 1899 1744 1929 pro
1768 1898 1826 1925 eo;
1849 1893 1884 1920 et
1907 1888 2128 1920 medietatem
2149 1887 2262 1920 tocius

427 1936 581 1978 poderis,
607 1938 698 1978 quod
724 1939 862 1969 domina
890 1938 1009 1975 Maria,
1035 1951 1151 1972 eorum
1177 1940 1264 1977 avia,
1289 1940 1393 1972 habet
1417 1947 1450 1972 et
1473 1947 1569 1973 tenet
1592 1941 1648 1972 vel
1673 1941 1729 1973 alii
1755 1951 1819 1983 pro
1844 1952 1895 1979 ea,
1921 1946 2071 1983 excepto
2095 1940 2156 1972 illo
2172 1941 2265 1983 quod

428 2000 490 2031 pro
516 1990 630 2020 anima
655 2001 713 2021 sua
738 1991 945 2023 iudicaverit
968 1993 1041 2025 sine
1066 1994 1202 2030 fraude,
1225 2000 1362 2026 retento
1387 1995 1613 2026 usufructuin
1640 1995 1709 2026 vita
1732 2005 1810 2031 sua,-
1828 2001 1862 2026 et
1877 1995 2094 2026 medietatem
2114 1994 2263 2026 omnium

429 2043 666 2078 vassallorum.
683 2054 767 2085 quos
785 2044 912 2077 habent
929 2046 1005 2085 ipsi,
1022 2046 1176 2087 exceptis
1193 2046 1295 2087 [illis],
1319 2047 1378 2089 qui
1398 2047 1551 2078 habitant
1567 2048 1603 2079 in
1618 2048 1719 2079 terris
1735 2053 1769 2079 et
1783 2048 1881 2085 locis,
1899 2058 1964 2088 que
1981 2053 2060 2078 sunt
2076 2046 2110 2078 in
2128 2052 2262 2088 partem

429 2096 643 2127 dominorum
668 2096 784 2129 Iacobi
806 2104 837 2129 et
855 2097 1036 2130 Albertini.
1081 2098 1150 2135 Qui
1171 2100 1299 2131 domini
1324 2100 1470 2131 Iacobus
1488 2106 1522 2132 et
1537 2099 1739 2132 Albertinus
1755 2100 1950 2132 habuerunt
1966 2101 1998 2131 in
2016 2106 2147 2142 partem
2170 2110 2264 2131 suam

429 2159 490 2189 pro
515 2149 663 2180 indiviso
688 2150 882 2182 Carrariam
908 2163 984 2183 cum
1010 2158 1083 2184 tota
1107 2163 1165 2183 sua
1192 2154 1283 2184 curia
1310 2159 1345 2184 et
1369 2154 1543 2185 territorio
1568 2161 1602 2185 et
1626 2164 1727 2186 omne
1752 2153 1848 2191 illud,
1876 2154 1969 2195 quod
1988 2153 2050 2195 ipsi
2068 2153 2264 2185 dividentes

430 2202 559 2234 habent
583 2203 627 2234 ad
650 2213 726 2234 suas
751 2215 871 2235 manus
894 2205 929 2236 in
953 2205 1048 2237 dicto
1075 2205 1151 2237 loco
1176 2206 1312 2237 velalii
1338 2217 1400 2247 pro
1426 2207 1475 2238 eis
1498 2217 1559 2248 per
1583 2207 1726 2238 feudum
1751 2207 1804 2238 vel
1829 2207 1980 2238 live-llum
2006 2207 2060 2237 vel
2083 2206 2149 2238 alio
2179 2216 2264 2248 quo-

431 2265 495 2297 que
519 2256 643 2287 modo:
668 2262 701 2287 et
724 2257 975 2298 Anguillariam
1002 2269 1077 2289 cum
1103 2264 1175 2290 tota
1200 2269 1260 2289 sua
1285 2259 1379 2290 curia
1403 2266 1436 2290 et
1461 2260 1638 2291 territorio
1661 2266 1695 2291 et
1718 2265 1827 2291 totum
1853 2259 1953 2296 illud,
1977 2260 2069 2301 quod
2091 2259 2156 2300 ipsi
2181 2259 2267 2290 divi-

431 2309 552 2339 dentes
577 2309 705 2339 liabent
729 2310 763 2340 in
789 2310 883 2341 dicto
909 2310 987 2342 loco
1011 2311 1066 2342 vel
1091 2311 1150 2341 alii
1176 2321 1240 2351 pro
1264 2321 1304 2342 eo
1329 2321 1392 2351 per
1416 2312 1558 2343 feudum
1584 2313 1638 2343 vel
1665 2312 1816 2344 livellum
1835 2312 1888 2343 vel
1905 2312 1974 2344 alio
1991 2321 2127 2354 quoque
2144 2313 2267 2348 modo3

430 2367 463 2392 et
486 2366 595 2392 totum
618 2362 716 2398 illud,
741 2363 832 2403 quod
856 2363 921 2403 ipsi
947 2363 1078 2394 habent
1100 2364 1134 2394 in
1160 2363 1315 2405 Bagnolo
1339 2365 1394 2395 vel
1420 2364 1583 2407 Bagnolis
1607 2365 1661 2396 vel
1686 2365 1742 2396 alii
1766 2375 1830 2407 pro
1862 2365 1911 2396 eis
1940 2365 2138 2406 supradicto
2161 2365 2265 2396 modo

430 2425 494 2456 per
517 2413 656 2445 feudum
683 2415 735 2446 vel
760 2415 916 2446 livellum
934 2416 986 2447 vel
1003 2417 1073 2447 alio
1091 2426 1308 2458 quocumque
1325 2418 1446 2454 m0d03
1465 2423 1500 2448 et
1518 2423 1625 2448 totum
1646 2417 1692 2454 id,
1710 2418 1803 2459 quod
1827 2418 1890 2459 ipsi
1917 2417 2046 2449 habent
2067 2417 2102 2448 in
2119 2417 2266 2449 Carturo

429 2467 484 2498 vel
511 2467 571 2499 alii
594 2473 715 2499 tenent
739 2478 802 2509 pro
827 2469 876 2499 eis
899 2470 1001 2500 modo
1026 2479 1265 2511 quocumque;
1290 2475 1325 2501 et
1347 2470 1572 2501 medictatem
1598 2481 1660 2511 pro
1691 2470 1838 2502 indiviso
1869 2470 1976 2502 tocius
1998 2470 2148 2511 poderim
2171 2470 2266 2512 quod

520 2577 526 2593 ¹
547 2578 606 2602 L’a.
627 2586 683 2602 non
699 2586 765 2611 pare
778 2579 861 2602 abbia
877 2581 964 2603 avuto
979 2586 1154 2603 conosccnza
1168 2580 1320 2603 doll'istru·

432 2624 526 2645 mento
549 2628 622 2652 1210y
646 2627 658 2652 5
681 2622 802 2653 maggiO,
829 2623 858 2645 (11
885 2623 1055 2645 investitura
1081 2622 1153 2645 dello
1180 2624 1265 2652 quote
1291 2622 1320 2645 di

1376 2580 1418 2603 dei
1433 2582 1547 2611 quattro
1568 2581 1694 2612 germani
1714 2583 1739 2605 ai
1762 2581 1825 2604 loro
1839 2581 2002 2605 ascendenti
2023 2581 2267 2612 rispettivamente

1376 2622 1401 2644 al
1420 2629 1484 2653 1214
1505 2629 1519 2645 c
1539 2622 1565 2645 al
1591 2629 1664 2651 1222,
1679 2630 1756 2646 come
1771 2630 1836 2654 pare
1850 2630 1931 2646 senza
1945 2623 2030 2646 alcun
2047 2623 2232 2647 fondamento
2250 2624 2269 2646 il

362 2966 407 2984 ‘10
439 2959 483 2982 nel
510 2961 594 2982 testo.
631 2957 675 2981 Cf.
702 2966 762 2989 cap.
792 2958 824 2981 26
849 2966 863 2982 e
889 2964 920 2989 27
947 2959 975 2981 ‹li

432 2664 543 2687 molino
565 2664 670 2695 godutc·
690 2664 733 2687 <lai
757 2667 871 2694 quam-0
890 2666 1026 2695 germani,
1046 2672 1089 2687 rna
1111 2665 1173 2687 solo
1193 2664 1324 2688 dell'atto

432 2706 461 2729 di
476 2706 620 2729 divisione
642 2712 718 2736 1215,
739 2705 754 2729 6
768 2707 891 2737 mnggio,
914 2707 954 2729 fra
969 2707 1022 2729 essi
1039 2707 1230 2733 intervenuto,
1251 2707 1325 2729 della

392 2753 402 2760 ·
433 2749 561 2771 sostanza
581 2748 717 2771 indivisa.
756 2748 797 2771 Da
819 2756 879 2771 esso
903 2749 929 2771 lo
951 2749 1083 2772 scrittore
1103 2748 1137 2771 ha
1158 2749 1278 2772 desunto
1300 2749 1327 2771 la

432 2789 523 2813 tutela
543 2790 693 2813 escrcitata
715 2790 840 2813 dall'ava
868 2790 957 2813 Maria
986 2790 1019 2813 da
1046 2791 1147 2815 Baone.
1175 2790 1278 2821 nioglie
1298 2790 1326 2813 di

433 2831 578 2863 Tacopino,
599 2832 716 2855 durante
738 2832 765 2855 la
785 2832 893 2855 minon-
914 2830 958 2855 eta
984 2833 1027 2855 (ici
1056 2831 1165 2856 cocredi
1185 2839 1199 2855 e
1224 2832 1251 2855 la
1279 2839 1326 2864 po—

435 2875 552 2898 steriore
567 2875 713 2898 divisione
727 2875 856 2897 (lell'asse
871 2875 1033 2898 ereditnrio.
1070 2875 1149 2898 Detti
1166 2875 1327 2898 documenti

436 2917 537 2939 [ιιι-0110
559 2917 631 2940 uelle
651 2918 798 2940 mumioni
813 2919 969 2940 sueressivc
985 2917 1095 2940 inscriti
1112 2917 1330 2947 integramente

1009 2960 1033 2982 l:
1057 2966 1071 2982 e
1100 2960 1130 2982 C.
1166 2958 1330 2981 Arbitrarin

443 2999 537 3031 percio
558 3001 658 3024 risulta
679 3001 905 3024 l‘aiceztamento
932 3001 1075 3024 dell'anno
1101 3001 1130 3023 (11
1156 3001 1333 3024 ευ((“(3εἰοηο

1378 2664 1492 2687 ricordo
1513 2663 1586 2687 delle
1606 2664 1792 2696 occupa-aioni
1807 2664 1882 2687 della
1896 2664 1955 2688 vita
1969 2665 2125 2696 giovanile,
2140 2672 2198 2688 non
2212 2666 2268 2689 suf-

1380 2706 1492 2737 fragato
1512 2705 1546 2729 da
1568 2706 1635 2729 fatti
1656 2706 1795 2736 specifici.

1468 2745 1478 2761 ‘²
1497 2747 1527 2771 Si
1548 2747 1684 2771 richiama
1699 2747 1810 2771 all’atto
1830 2749 1856 2772 di
1873 2748 2017 2772 divisione
2032 2750 2213 2773 intervenuto
2229 2749 2270 2773 fra

1380 2788 1518 2813 Giacomo
1539 2797 1552 2812 e
1575 2789 1735 2817 Afficrtino,
1756 2789 1815 2821 figli
1841 2790 1869 2814 di
1896 2790 2036 2819 MarsiIIO,
2062 2792 2096 2814 da
2117 2798 2171 2815 una
2191 2792 2270 2823 parte

1380 2839 1394 2855 c
1413 2832 1546 2855 Alberico
1567 2831 1669 2860 Leone,
1690 2832 1768 2863 figlio
1789 2832 1817 2856 di
1844 2832 1927 2856 Piero
1953 2832 2054 2863 Conte,
2073 2841 2087 2857 e
2113 2834 2185 2858 l'ava
2212 2834 2268 2858 Ma-

1381 2876 1432 2903 ria,
1453 2874 1571 2898 essendo
1598 2877 1742 2907 premorto
1769 2875 1865 2899 l'altro
1891 2876 2007 2899 fratello
2033 2876 2197 2906 Boumelo,
2222 2884 2270 2908 per

1381 2917 1515 2939 sentcnza
1535 2916 1670 2940 arbitrale
1689 2916 1733 2939 (lei
1753 2915 1861 2947 giudic}
1890 2917 2002 2947 Rogato
2021 2923 2035 2940 e
2054 2916 2198 2941 Schinclla
2223 2916 2267 2940 del

1383 2957 1399 2980 6
1419 2959 1531 2989 maggio
1560 2964 1635 2988 1215.
1674 2958 1743 2981 Vedi
1770 2958 1791 2981 il
1818 2961 1892 2983 testo
1922 2959 2061 2989 integrale
2083 2959 2212 2983 dell'atto
2239 2958 2268 2982 di

1384 3000 1528 3023 divisione
1550 3001 1577 3023 in
1599 3001 1624 3023 B
1642 3007 1656 3024 e
1679 3001 1706 3031 C,
1727 3007 1786 3031 cap.
1807 3006 1847 3032 27.

2289 2046 2330 2078 30

2292 2311 2333 2344 35

2298 2711 2328 2737 15

2296 2923 2329 2942 20
