2422 3684
72 849 109 880 10

75 1159 110 1191 15

70 1429 111 1460 20

70 1737 111 1769 25

72 2051 113 2082 30

71 2358 111 2388 35

487 236 659 272 GESTA
689 237 991 273 MAGNIFICA
1021 238 1205 273 DOMUS
1235 237 1622 274 CARRARIENSIS
1925 240 1971 273 43

144 371 157 387 “
172 370 342 408 Carraria,
367 371 465 402 fratri
487 376 604 402 nostro
628 371 766 408 dilecto,
791 371 895 403 Canis
918 372 1058 415 grandis
1075 371 1153 403 dela
1172 372 1274 404 Scala
1298 372 1451 404 salutem.
1497 371 1736 413 Significamus
1760 371 1857 403 vobis
1881 371 1974 412 quod

141 423 155 438 ‘⁴
171 423 228 454 die
253 425 400 456 crastina
424 424 578 456 Paduam
595 425 781 461 veniemus,
799 427 955 458 volentes
970 426 1065 457 iuxta
1082 432 1231 457 vestrum
1250 426 1430 458 consilium
1447 425 1612 457 invadere
1629 425 1839 456 Tarvisinos.
1871 424 1974 455 Unde

145 479 234 508 “vos
257 479 385 518 paretis
409 478 572 509 militibus
596 484 631 510 et
652 478 826 520 peditibus
858 480 1044 516 Paduamis,
1067 486 1104 512 ut
1127 490 1187 511 eos
1211 479 1493 521 magnificencius
1517 478 1738 515 visitemus„.
1786 477 1891 515 Quod
1916 478 1976 508 do-

140 531 232 562 mino
257 531 412 563 Marsilio
437 532 502 563 fuit
524 532 625 563 valde
649 538 783 574 gratum
813 539 956 574 propter
989 534 1258 575 Gueccehuem,
1282 534 1488 565 advocatum
1519 532 1677 571 Tarvisii,
1702 543 1802 573 quem
1824 530 1975 562 habebat

139 583 268 615 acriter
302 595 453 616 exosum.
500 585 559 616 Sic
593 585 709 627 itaque
742 585 902 616 domiuus
928 585 1035 617 Canis
1065 585 1218 617 Paduam
1248 586 1426 628 equitavit,
1459 586 1501 616 de
1533 596 1600 627 qua
1633 591 1721 626 post,
1753 585 1807 615 die
1841 589 1974 625 quarto,

137 637 260 674 exivit;
285 644 320 670 et
345 638 401 670 die
426 638 547 679 quinto
571 648 728 680 campum
755 639 870 679 posuit
895 639 988 670 circa
1013 640 1126 670 menia
1158 639 1340 671 Tarvisine
1372 639 1520 670 civitatis
1544 649 1620 670 cum
1646 638 1798 669 exercitu
1833 636 1974 677 copioso

137 691 180 722 de
205 691 357 728 Verona,
382 691 510 727 Padua.
535 691 716 728 Vicencia,
742 692 868 729 Feltro‚
893 693 1077 729 Cividado,
1103 692 1276 724 nobilibus
1302 693 1345 723 de
1370 692 1612 728 Casu-obarm,
1637 690 1792 732 Ricarclo
1818 690 1974 727 Camino,

136 742 371 776 Brixiensibus
394 745 597 776 extrinsecis
620 751 653 776 et
684 745 921 786 stipendiariis
952 746 1167 777 diversarum
1200 746 1394 785 nacionum,
1426 745 1522 777 cuius
1554 744 1723 776 exercitus
1755 744 1974 784 capitaneum

134 796 312 828 constituit
336 798 514 828 dominum
538 797 728 829 Marsilium
747 797 790 828 de
808 797 978 830 Carraria.
996 806 1142 839 excepto
1170 799 1262 841 quod
1287 798 1463 830 dominum
1481 797 1702 829 Balardinum
1719 797 1762 828 de
1781 795 1975 839 Nogmolis,

138 849 325 882 Vinceucie
349 856 564 891 potestatem,
588 850 748 892 gentibus
773 851 942 882 Vicencie
967 851 1121 892 prefecit.
1172 853 1336 883 Dominus
1361 857 1472 883 autem
1498 851 1601 883 Canis
1625 850 1683 882 die
1700 850 1834 881 decimo
1852 855 1974 881 octavo

136 903 264 934 mensis
288 903 358 935 iulii
382 904 576 936 Tarvisium
599 903 765 936 introivit.

228 1002 299 1032 120.
324 1001 424 1043 [120J.
447 1020 493 1024 —
514 1001 600 1033 Cum
625 1007 738 1033 autem
765 1001 924 1033 dominus
948 1002 1051 1033 Canis
1075 1003 1272 1034 Tarvisium
1299 1014 1374 1034 cum
1400 1002 1549 1034 febrium
1573 1002 1700 1034 morbis
1730 1001 1910 1042 accepit¹:
1937 1011 1977 1031 ex

136 1065 214 1096 quo,
239 1054 396 1086 Tarvisio
420 1055 574 1095 subacto,
598 1055 671 1096 ipse
697 1055 850 1085 infirmus
874 1055 993 1086 iacens
1016 1055 1052 1086 in
1076 1057 1225 1088 ecclesia
1250 1056 1454 1093 cathedrali,
1479 1055 1575 1087 iussit
1599 1056 1643 1088 ad
1667 1066 1703 1086 se
1734 1054 1852 1086 vocari
1884 1054 1975 1084 viros

134 1107 266 1139 nobiles
291 1108 450 1140 dominos
474 1108 665 1140 Marsilium
685 1110 727 1140 de
752 1109 915 1140 Carraria
940 1115 974 1140 et
998 1109 1217 1141 Balardinum
1242 1110 1284 1141 de
1311 1109 1505 1151 NogaroHs,
1529 1108 1654 1151 quibus
1677 1109 1726 1139 sic
1742 1108 1802 1139 ait:
1825 1110 1838 1124 “
1853 1106 1978 1138 Alber-

141 1162 238 1192 “tum
264 1167 297 1193 et
321 1161 519 1199 Mastinum‚
542 1168 685 1202 nepotes
709 1168 856 1199 nostros,
879 1162 978 1193 nobis
994 1163 1148 1194 volumus
1166 1174 1238 1194 esse
1257 1173 1484 1194 successores.
1530 1162 1649 1204 Itaque
1673 1162 1764 1202 ipsos
1780 1160 1878 1191 vobis
1895 1170 1976 1191 con-

139 1214 153 1229 “
168 1215 366 1246 mendamus
390 1225 432 1246 ac
455 1215 564 1247 eciam
589 1215 676 1247 filios
699 1221 832 1247 nostros
855 1216 1030 1247 naturales
1046 1239 1073 1255 „.
1122 1216 1203 1247 Post
1227 1227 1292 1257 que
1318 1226 1386 1246 nou
1411 1216 1484 1246 sine
1509 1215 1658 1246 lacrimis
1683 1214 1854 1246 dominum
1883 1214 1976 1245 Mar-

135 1267 247 1298 silium
271 1268 314 1299 de
338 1268 499 1299 Carraria
524 1269 567 1300 de
590 1268 761 1309 probitate
787 1274 820 1300 et
843 1268 1018 1311 legalitate
1044 1269 1328 1310 quamplurimum
1358 1269 1611 1300 commendavit
1636 1274 1669 1299 et
1694 1268 1729 1298 in
1765 1267 1834 1298 suis
1864 1266 1977 1308 posuit

134 1321 290 1353 manibus
313 1332 407 1352 suam
432 1321 633 1353 banderiam
659 1322 900 1364 principalem,
924 1322 978 1354 cui
996 1328 1114 1364 postea
1131 1323 1180 1354 sic
1197 1323 1261 1354 ait:
1291 1324 1303 1339 “
1321 1323 1420 1359 Volo,
1438 1322 1576 1354 domine
1592 1321 1738 1357 Marsili,
1758 1321 1853 1362 quod
1868 1320 1976 1353 libere

142 1373 321 1406 “Paduam
356 1376 502 1407 teneatis
530 1386 606 1407 cum
643 1376 843 1414 districtu„
891 1375 999 1413 Quod
1026 1376 1182 1407 dominus
1214 1376 1387 1408 Marsilius
1422 1375 1606 1406 recusabat
1638 1375 1820 1409 instantem
1855 1373 1976 1405 timens

133 1433 250 1459 tamen
274 1439 317 1460 ne
341 1434 484 1470 propter
506 1429 701 1461 huiusmodi
725 1430 984 1461 recusacionem
1009 1429 1140 1460 animus
1165 1429 1369 1466 turbaretur,
1399 1429 1517 1460 Padue
1550 1428 1738 1460 dominium
1769 1427 1977 1469 acceptavit.

137 1481 273 1519 Quibus
296 1482 346 1513 sic
371 1481 546 1523 dispositis
570 1481 729 1513 dominus
753 1482 856 1513 Canis
880 1488 958 1523 post
980 1483 1142 1519 triduum,
1172 1488 1349 1523 postquam
1384 1482 1535 1512 infirmus
1564 1481 1679 1519 iacuit,
1705 1480 1886 1522 expiravit.
1933 1480 1976 1512 Et

135 1535 234 1566 fuere
258 1535 418 1577 predicta
448 1536 483 1566 in
506 1534 824 1576 MCCCXXVIIH,
850 1535 905 1566 die
930 1545 1006 1566 xxn
1030 1535 1114 1571 iulii,
1140 1535 1223 1567 hora
1247 1545 1296 1566 VI.

228 1633 298 1663 121.
323 1633 424 1674 [121].
449 1651 489 1655 —
515 1632 652 1664 Mortuo
678 1632 816 1664 domino
841 1632 948 1669 Cane,
972 1633 1132 1664 dominus
1156 1632 1331 1664 Marsilius
1356 1633 1399 1664 de
1424 1632 1582 1664 Carraria
1612 1631 1766 1663 Paduam
1792 1632 1937 1663 accessit
1954 1631 1976 1669 ²,

136 1685 205 1727 qui,
230 1691 336 1717 morte
362 1686 467 1727 ipsius
492 1686 620 1717 domini
648 1686 754 1718 Canis
778 1686 814 1717 in
840 1686 985 1718 consilio
1010 1687 1130 1717 Padue
1156 1687 1330 1723 nunciata,
1356 1686 1493 1717 nomine
1518 1691 1679 1727 nepotum
1714 1685 1818 1725 ipsius
1849 1685 1978 1715 domini

137 1737 254 1777 Canis,
277 1739 413 1770 scilicet
437 1739 573 1771 Alberti
600 1745 632 1770 et
656 1739 798 1770 Mastini
824 1739 919 1770 dicte
945 1739 1093 1771 civitatis
1118 1740 1236 1771 Padue
1255 1739 1443 1770 dominium
1463 1738 1609 1779 accepit.
1642 1738 1705 1769 Die
1719 1749 1802 1769 vero
1819 1737 1977 1779 sequenti

138 1792 233 1823 cives
255 1792 389 1824 nobiles
414 1791 531 1824 Padue
564 1798 598 1824 et
630 1793 784 1824 forenses
815 1793 879 1834 ipsi
914 1793 1051 1824 domino
1080 1793 1236 1824 Marsilio
1262 1792 1495 1834 predictorum
1529 1791 1744 1823 dominorum
1778 1790 1910 1822 Alberti
1943 1796 1977 1821 et

136 1845 275 1877 Mastini
311 1845 509 1877 iuraverunt
541 1852 663 1877 statum
698 1852 731 1876 et
762 1847 942 1877 honorem.
989 1846 1140 1888 Postque
1173 1846 1236 1887 ipsi
1264 1846 1379 1876 statim
1416 1845 1543 1876 domiui
1575 1844 1768 1885 predictum
1805 1843 1978 1875 dominum

134 1897 325 1930 Marsilium
351 1898 603 1931 constituerunt
628 1899 824 1931 Vincencie
849 1905 1065 1940 potestatem,
1089 1900 1145 1942 qui
1176 1900 1241 1930 iam
1276 1900 1364 1930 adeo
1396 1899 1430 1929 in
1462 1898 1624 1929 Marchia
1656 1898 1796 1939 grandis
1827 1902 1910 1933 erat,
1942 1902 1978 1927 ut

135 1963 202 1984 una
225 1962 311 1983 voce
334 1953 575 1984 universaliter
598 1953 664 1984 iam
689 1953 777 1985 alter
800 1953 956 1985 Marchie
981 1953 1162 1984 Tarvisine
1187 1953 1341 1984 dominus
1364 1952 1407 1983 ab
1433 1951 1588 1983 omnibus
1617 1952 1801 1982 diceretur.

229 2051 300 2081 122.
324 2050 426 2091 [122].
451 2069 491 2072 —
518 2049 704 2082 Millesimo
723 2050 931 2087 CCCXXX
950 2051 1006 2082 die
1024 2051 1179 2082 secundo
1196 2050 1413 2091 septembris,
1431 2049 1588 2081 dominus
1604 2049 1771 2080 Mastinus
1788 2059 1863 2080 cum
1882 2058 1979 2079 exer-

137 2103 208 2135 citu
240 2103 407 2145 copios0³
439 2103 590 2134 Brixiam
625 2103 770 2140 obsedit,
805 2104 900 2134 cuius
923 2105 1095 2135 exercitus
1121 2103 1333 2145 capitaneus,
1366 2103 1523 2134 dominus
1547 2101 1719 2133 Marsilius
1744 2102 1786 2132 de
1811 2102 1981 2138 Carraria,

137 2161 249 2188 castra
274 2157 389 2188 omnia
413 2162 447 2188 et
471 2156 657 2188 fortilicias
682 2163 776 2188 extra
801 2158 916 2188 menia
941 2156 1058 2188 Brixie
1085 2157 1232 2188 civitatis
1257 2156 1322 2187 sibi
1348 2155 1442 2187 brevi
1468 2162 1623 2196 tempore
1647 2154 1851 2197 subiugavit.

229 2254 301 2284 123.
326 2253 426 2294 [123].
452 2272 491 2276 —
518 2253 656 2285 Mortuo
680 2253 791 2285 milite
815 2254 957 2296 egregio
984 2254 1122 2285 domino
1147 2254 1276 2284 Tisone
1302 2254 1344 2284 de
1370 2253 1501 2293 Campo
1526 2252 1635 2283 sancti
1654 2252 1746 2283 Petri
1763 2252 1784 2288 ⁴,
1800 2251 1854 2283 cui
1874 2251 1982 2282 domi-

138 2317 200 2337 nus
224 2305 400 2337 Marsilius
424 2308 465 2338 de
490 2306 653 2338 Carraria
678 2312 845 2349 cognatus
870 2313 954 2343 erat,
980 2307 1119 2338 domina
1143 2307 1271 2347 Conica
1305 2306 1347 2337 de
1380 2304 1551 2341 Carraria,
1583 2315 1680 2336 soror
1711 2305 1817 2346 ipsius
1849 2304 1977 2336 domini

137 2358 293 2397 Marsffii,
318 2358 498 2390 inhoneste
523 2359 643 2391 dilexit
667 2360 839 2401 quendam
864 2359 1007 2390 militem
1034 2360 1077 2390 de
1102 2359 1313 2400 Burgundia,
1339 2357 1474 2389 nomine
1501 2357 1657 2394 Hemum,
1675 2367 1818 2398 quorum
1837 2358 1979 2388 inhone-

138 2417 224 2443 state
250 2412 400 2448 detecta,
427 2412 469 2442 de
494 2413 657 2443 mandato
683 2412 813 2444 domini
838 2412 984 2444 Marsilii
1010 2412 1098 2443 filius
1123 2412 1228 2452 ipsius
1253 2412 1394 2452 Co11ice‚
1412 2410 1520 2441 eciam
1537 2410 1619 2441 Tiso
1637 2410 1843 2445 nominatus,
1860 2411 1977 2442 matris

139 2456 209 2496 fuit'
227 2465 371 2496 occisor.
418 2464 461 2496 Et
484 2465 549 2496 fuit
574 2465 639 2496 hoc
665 2465 787 2496 eodem
813 2466 1005 2502 millesimo,
1032 2465 1088 2495 die
1114 2474 1231 2495 xxvm
1257 2464 1418 2495 octubris

231 2559 300 2589 124.
326 2558 426 2598 [124]
452 2575 496 2579 —
518 2557 705 2589 Millesimo
731 2556 974 2595 CCCXXXII,
999 2558 1156 2589 dominus
1183 2556 1355 2587 Marsilius
1380 2557 1423 2587 de
1442 2556 1601 2588 Carraria
1619 2567 1694 2587 cum
1714 2556 1884 2588 nobilibus
1901 2556 1977 2587 Bri-

138 2610 311 2642 xiensibus
324 2609 345 2647 ⁵,
370 2621 452 2642 auro
470 2612 644 2642 mediante
662 2617 695 2643 et
711 2611 995 2652 promissionibus
1019 2611 1170 2651 infinitis,
1190 2621 1315 2651 capere
1332 2609 1481 2640 Brixiam
1500 2616 1632 2641 secrete
1652 2611 1821 2641 tractavit.
1858 2611 1978 2652 ltaque

229 2728 252 2752 7.
273 2722 361 2746 nobil.
381 2722 414 2745 de
435 2722 570 2751 Castello,
591 2723 623 2746 de
644 2722 767 2746 Camino
789 2723 812 2747 S
834 2736 855 2740 —
884 2730 922 2754 13.
943 2724 1022 2746 viros
1042 2730 1091 2746 om.
1111 2722 1134 2746 S
1151 2736 1181 2739 —
1206 2721 1243 2745 18.
1265 2729 1342 2745 suam
1363 2729 1411 2745 om.
1434 2721 1456 2745 S
1473 2734 1481 2738 -
1505 2721 1545 2744 sic
1567 2721 1619 2752 ait]
1635 2722 1710 2745 dixit
1731 2722 1797 2746 S—
1817 2729 1855 2751 ιι).
1871 2729 1977 2745 recusa·

142 2765 185 2788 vit:
203 2763 227 2789 S
244 2777 275 2781 —
296 2771 339 2789 21.
358 2764 450 2787 Rebus
471 2766 640 2797 compositis
659 2765 756 2788 triduo
777 2766 911 2789 dominus
932 2764 1019 2788 Canis
1040 2766 1187 2796 postquam
1208 2764 1230 2787 S
1249 2777 1279 2780 —
1302 2770 1342 2793 23.
1363 2765 1474 2786 mortuo
1495 2771 1562 2787 vero
1583 2764 1604 2786 S
1622 2777 1654 2780 —
1675 2771 1716 2794 24.
1737 2766 1866 2787 comunis
1885 2765 1979 2788 l’adue

141 2807 164 2831 S
180 2819 210 2823 —
233 2812 275 2838 ²5-
295 2808 444 2837 postquam
464 2807 585 2838 predicti
607 2808 719 2830 domini
740 2807 874 2830 Albertus
894 2810 922 2831 et
943 2808 1083 2830 Mnstiuus
1104 2808 1194 2837 ipsum
1211 2806 1357 2829 dominum
1379 2805 1465 2830 Mars.
1485 2806 1506 2828 S
1524 2819 1555 2822 ——
1576 2813 1617 2837 31.
1635 2807 1723 2837 ipsius
1738 2807 1866 2830 civitatis
1881 2806 1977 2829 Brixie

142 2848 164 2872 S
182 2861 212 2865 —
234 2848 276 2878 36.
296 2849 411 2871 domine
431 2847 539 2881 Conice
559 2848 581 2872 S
597 2862 629 2866 —
651 2848 692 2879 38.
713 2849 878 2880 quibusdam
899 2849 1045 2872 nobilibus
1064 2848 1087 2872 S
1105 2862 1135 2864 —
1158 2855 1197 2878 39.
1220 2845 1353 2878 infinitis]
1373 2854 1431 2870 non
1445 2847 1542 2878 parvis
1562 2847 1680 2871 adiectis
1700 2848 1724 2872 S

228 2934 236 2951 ¹
259 2936 395 2966 CORTUS„
418 2937 558 2967 chronica,
576 2937 624 2965 IV,
643 2944 668 2968 9.
1174 2934 1182 2948 ⁴
1204 2937 1340 2963 Comus„
1362 2937 1499 2966 Chronica,
1520 2937 1554 2964 V,
1576 2943 1598 2960 1.

229 2976 238 2990 ²
259 2978 397 3007 CORTUS„
419 2980 559 3009 Chronica,
580 2979 626 3009 IV,
649 2987 688 3003 10.
1174 2976 1184 2989 ⁵
1207 2978 1340 3005 C¹)RTUS.‚
1365 2977 1504 3006 Chronica,
1530 2979 1562 3005 V,
1584 2985 1606 3002 2.

227 3018 238 3035 ³
262 3022 399 3051 Com-us„
421 3022 558 3052 Chronica,
580 3022 614 3051 V,
635 3028 657 3045 1.
