2422 3684
423 233 469 266 40
769 227 940 263 GESTA
971 225 1274 262 MAGNIFICA
1305 224 1488 259 DOMUS
1519 222 1905 259 CARRARIENSIS

419 364 464 395 lio
489 368 522 394 et
545 361 710 394 Ubertino
734 361 778 392 de
802 360 963 393 Carraria
992 359 1133 401 aliisque
1157 356 1340 395 nobilibus,
1364 356 1445 388 illuc
1463 366 1674 399 progressus,
1691 356 1832 389 tandem
1850 356 1961 397 ipsum
1984 359 2134 387 castrum
2157 365 2257 386 recu-

420 415 565 458 peravit.

509 521 579 552 135.
605 521 704 561 [135].
731 539 771 545 —
796 520 943 556 Interim,
969 519 1093 550 eodem
1119 518 1311 558 millesimo,
1337 518 1393 548 die
1419 526 1456 548 Χῖ
1480 517 1627 560 augusti,
1651 517 1813 549 dominus
1843 514 2040 548 Marsilius¹
2066 515 2109 546 de
2133 514 2258 547 Carra-

418 576 469 606 ria
492 574 664 606 Venecias
688 574 920 616 proficiscitur
935 572 957 610 ²,
982 573 1015 603 in
1041 571 1136 604 cuius
1160 571 1312 603 adventu
1336 570 1461 602 Veneti
1487 570 1622 602 nobiles
1644 570 1707 602 sibi
1739 580 1846 612 usque
1870 570 1914 600 ad
1946 569 2111 611 Oriagum
2138 577 2260 599 occur-

420 634 550 667 rerunt,
573 639 593 659 a
617 627 739 671 quibus
763 627 954 658 honorifice
978 625 1156 666 recipitur.
1205 625 1243 655 In
1270 624 1342 655 eius
1366 634 1449 655 vero
1474 624 1613 655 introitu
1638 623 1778 655 civitate
1803 623 1896 654 varie
1921 622 2041 664 populi
2063 631 2167 653 voces
2190 621 2261 652 cla-
2284 620 2302 651 5

422 693 517 713 mare
542 686 724 722 ceperunt:
755 679 963 716 “Moriatun
987 678 1198 716 Moriatur„.
1238 677 1291 708 Ex
1308 687 1375 718 quo
1402 677 1558 708 dominus
1574 677 1747 708 Marsilius
1765 675 1877 707 timuit
1893 675 2021 707 debere
2045 674 2175 706 ibidem
2190 679 2261 706 tru-

423 734 543 766 cidari.
590 733 669 765 Fuit
691 739 805 765 tamen
830 732 922 763 solus
953 742 1031 762 cum
1063 731 1201 762 domino
1233 731 1322 761 duce
1353 729 1386 760 in
1421 729 1568 761 consilio
1590 734 1738 760 secreto.
1785 729 1824 759 In
1855 729 1950 760 exitu
1977 733 2092 758 autem
2125 737 2186 758 suo
2216 727 2260 758 de

422 787 587 820 Veneciis
610 787 674 818 fuit
697 799 716 818 a
740 785 911 817 nobilibus
935 784 1080 816 Venetis
1106 783 1294 815 honorifice
1319 782 1480 814 sociatus.

515 895 586 925 130.
610 893 710 934 [136]
736 912 776 916 —
801 891 967 923 Exercitu
991 890 1187 922 comunium
1212 889 1444 921 veneciarum
1469 895 1504 921 et
1527 888 1710 920 Florencie
1743 898 1804 930 per
1827 888 1925 919 villas
1958 887 2113 919 paduani
2146 886 2260 918 distri-

426 953 500 978 ctus
522 948 590 977 iam
611 946 763 987 undique
787 944 931 985 profuso
946 943 957 959 ³
975 951 1007 975 et
1022 943 1216 974 intrinsecis
1233 942 1469 979 Theotonicis‚
1487 942 1544 983 qui
1569 941 1724 973 custodie
1750 941 1898 972 civitatis
1921 950 2061 982 preesse
2087 939 2261 971 debebant
2288 938 2326 970 lo

423 1006 458 1032 et
480 1000 633 1031 hostibus
657 1008 850 1033 occurrere,
876 1008 947 1028 non
971 997 1080 1028 minus
1105 996 1339 1027 calamitatum
1364 994 1662 1027 commictentibus
1685 995 1716 1025 in
1743 994 1828 1026 urbe
1852 1004 1953 1035 quam
1974 994 2090 1024 hostes
2113 993 2263 1024 exterius

424 1053 615 1088 faciebant,
640 1052 800 1082 dominus
823 1050 997 1081 Massilius
1022 1049 1163 1091 grandis
1188 1050 1230 1080 de
1254 1047 1423 1084 Carraria,
1441 1058 1522 1089 egre
1543 1048 1659 1079 ferens
1684 1048 1777 1089 quod
1803 1048 1923 1078 civitas
1946 1046 2098 1088 undique
2127 1055 2263 1087 preme-

425 1113 527 1144 retur,
551 1106 663 1146 palam
688 1105 733 1135 ait
757 1104 895 1135 domino
921 1102 1110 1134 Mastino⁴z
1142 1104 1155 1118 ⁴⁶
1171 1101 1315 1133 Domine
1340 1101 1499 1138 Mastine,
1528 1100 1592 1132 nisi
1629 1099 1893 1132 crudelitatibus
1916 1100 1970 1130 his
2002 1099 2168 1140 obvietur,
2200 1109 2263 1130 nos

431 1162 572 1192 “omnes
596 1164 630 1190 et
654 1157 776 1189 civitas
799 1162 869 1188 tota
893 1156 981 1197 perit
997 1179 1024 1194 „.
1074 1155 1176 1187 Unde
1200 1154 1312 1185 statim
1336 1153 1380 1184 de
1406 1153 1551 1185 consilio
1576 1153 1659 1184 dicti
1684 1153 1813 1184 domini
1837 1153 1983 1184 Marsilii
2008 1164 2071 1194 per
2088 1151 2262 1184 dominum

425 1213 613 1244 Mastinum
638 1211 681 1242 ad
704 1216 829 1241 terram
854 1209 898 1240 de
923 1209 983 1240 Est
1005 1209 1191 1240 mictuntur
1215 1207 1426 1238 Theotonici
1449 1207 1543 1238 mille
1574 1206 1771 1248 quingenti.
1817 1205 2031 1238 Occiderant
2065 1206 2154 1237 enim
2184 1214 2262 1246 pre-
2289 1203 2326 1235 15

426 1267 510 1298 dicti
535 1263 743 1296 Theotonici
768 1263 802 1294 in
828 1263 966 1294 civitate
990 1263 1062 1303 ipsa
1087 1262 1144 1292 die
1169 1261 1280 1302 primo
1306 1259 1503 1292 novembris
1527 1260 1618 1291 cives
1642 1260 1809 1291 ducentos
1834 1265 1868 1291 et
1890 1260 1979 1291 ultra
2004 1266 2118 1300 preter
2134 1262 2262 1300 stupra,

426 1320 563 1361 rapinas
589 1325 621 1349 et
646 1317 712 1348 alia
736 1315 901 1352 enormia,
918 1327 984 1358 que
1004 1313 1261 1346 commitebant.
1309 1313 1384 1344 Hoc
1409 1319 1523 1344 tamen
1549 1323 1615 1343 non
1640 1311 1807 1350 obstante,
1831 1314 1938 1344 eciam
1965 1319 2042 1354 post
2066 1313 2262 1343 missionem

424 1372 721 1404 Theotonicorum
747 1370 897 1410 ipsorum
922 1369 967 1400 ad
991 1369 1103 1399 locum
1129 1367 1322 1408 predictum
1349 1367 1391 1398 de
1416 1366 1488 1404 Est,
1512 1366 1568 1397 alii
1592 1366 1814 1404 Theotonici‚
1839 1367 1897 1408 qui
1921 1367 1956 1398 in
1980 1366 2099 1397 Padua
2123 1374 2264 1406 supere-

425 1433 512 1463 rant,
544 1424 676 1456 civibus
706 1423 878 1455 Paduanis
911 1422 1046 1453 assidue
1077 1420 1250 1452 molestias
1274 1419 1482 1452 inserebant.
1530 1419 1645 1450 Semel
1675 1419 1766 1450 enim
1799 1419 1835 1450 in
1859 1419 1968 1461 burgo
1992 1424 2111 1451 sancte
2137 1418 2261 1451 Crucis

426 1480 518 1511 cives
541 1477 747 1518 spoliabant,
771 1481 891 1506 contra
917 1484 1000 1516 quos
1025 1474 1068 1505 ad
1084 1473 1309 1515 spoliatorum
1329 1472 1479 1504 lamenta
1496 1472 1697 1513 supervenit
1720 1471 1879 1503 dominus
1902 1472 2092 1504 Ubertinus
2118 1472 2161 1503 de
2178 1471 2263 1504 Car-
2287 1471 2330 1502 20

425 1532 525 1568 raria,
550 1531 667 1562 volens
691 1529 824 1561 civibus
848 1527 916 1559 suis
940 1528 1108 1563 suvenire,
1134 1532 1253 1558 contra
1277 1536 1379 1567 quem
1403 1525 1582 1567 quingenti
1609 1525 1842 1557 Theothonici
1866 1535 1943 1556 mox
1967 1535 2088 1556 manus
2107 1525 2264 1556 inferunt

424 1587 602 1627 ipsumque
627 1583 799 1625 fugarunt.
849 1581 928 1618 Quo
952 1591 1089 1611 rumore
1115 1585 1301 1621 permotus,
1327 1579 1485 1610 dominus
1510 1578 1677 1610 Mastinus
1709 1589 1786 1610 cum
1821 1578 2046 1609 Theotonicis
2070 1584 2103 1610 et
2132 1577 2266 1610 Latinis

426 1650 504 1670 mox
522 1639 566 1669 ad
583 1637 695 1668 locum
713 1635 876 1668 tumultus
893 1633 1068 1676 equitavit.
1115 1633 1205 1664 Tota
1230 1643 1313 1664 vero
1329 1632 1451 1664 civitas
1468 1632 1501 1663 in
1527 1632 1691 1663 auxilium
1710 1632 1847 1663 domino
1864 1631 2030 1663 Ubertino
2047 1632 2264 1669 accurrebat,

426 1693 520 1724 unde
544 1702 585 1722 ea
603 1692 676 1721 dies
700 1690 765 1721 fuit
789 1688 885 1731 quasi
911 1687 1138 1719 Theotonicis
1154 1687 1235 1728 ipsis
1253 1692 1286 1718 et
1302 1686 1441 1717 domino
1472 1685 1621 1717 Mastino
1649 1685 1838 1716 lacrimosa.
1886 1685 1946 1716 Set
1970 1694 2015 1715 ex
2039 1686 2104 1716 hoc
2121 1675 2267 1716 tumultu'

427 1747 492 1777 iam
518 1744 637 1776 sedato
662 1744 821 1776 dominus
846 1742 1024 1778 Mastinus,
1049 1741 1289 1772 paduanorum
1315 1739 1438 1770 timens
1466 1739 1661 1782 potenciam
1687 1744 1721 1770 et
1739 1749 1806 1770 non
1829 1738 2051 1770 mediocriter
2067 1744 2267 1779 suspectans
2291 1737 2332 1769 25

428 1800 470 1830 de
487 1798 627 1830 domino
652 1796 835 1834 Ubertino‚
850 1795 1097 1831 Theotonicos,
1115 1804 1200 1835 quos
1217 1793 1356 1824 miserat
1372 1793 1417 1824 ad
1433 1798 1558 1823 terram
1582 1791 1626 1822 de
1643 1791 1714 1829 Est,
1727 1791 1836 1823 voluit
1852 1801 2034 1823 revocare:
2062 1797 2114 1822 set
2137 1790 2266 1823 domini

427 1852 568 1884 Mastini
593 1851 740 1882 animum
767 1850 924 1880 dominus
942 1847 1119 1879 Marsilius
1135 1847 1276 1891 grandis
1292 1857 1352 1877 sua
1372 1846 1561 1887 prudencia
1578 1845 1758 1887 mitigavit,
1781 1854 1938 1877 asserens
1955 1845 2131 1876 dominum
2155 1844 2267 1876 Uber-

430 1907 537 1937 tinum
563 1911 597 1936 et
621 1905 706 1935 alios
731 1909 864 1936 ceteros
888 1902 932 1933 de
957 1902 1116 1933 Carraria
1140 1900 1271 1943 legales
1295 1910 1369 1931 esse
1385 1899 1542 1942 velleque
1559 1904 1682 1931 statum
1697 1898 1912 1930 dominorum
1929 1897 2008 1929 dela
2026 1897 2128 1930 Scala
2145 1903 2268 1929 contra

429 1968 663 2001 quoscumque
687 1967 904 1988 conservare.

524 2065 594 2099 137.
618 2064 719 2105 [13η.
745 2082 787 2086 -
812 2062 985 2095 Revoluto
1011 2071 1092 2093 vero
1115 2072 1206 2092 anno
1231 2060 1361 2091 domini
1385 2059 1701 2096 MCCCXXXVII,
1726 2058 1783 2089 die
1808 2067 1883 2089 xxv
1907 2058 2085 2099 februarii,
2110 2057 2267 2089 dominus
2289 2059 2332 2090 30

433 2119 635 2152 Guilielmus
660 2118 701 2149 de
727 2118 858 2158 Campo
881 2116 1002 2148 Sancti
1026 2114 1119 2146 Petri
1145 2114 1211 2146 fuit
1235 2115 1362 2156 primus
1385 2113 1639 2151 Paduanorum,
1663 2112 1721 2154 qui
1747 2112 1892 2144 dominis
1926 2112 2005 2142 dela
2029 2111 2133 2142 Scala
2157 2111 2268 2143 rebel-

430 2173 512 2204 lavit
536 2184 613 2203 cum
639 2178 750 2202 castro
774 2180 835 2201 suo
860 2170 902 2200 de
927 2169 1085 2200 Triville.
1133 2168 1198 2199 Hic
1223 2168 1349 2198 furtive
1373 2167 1513 2198 intravit
1544 2173 1691 2197 castrum
1725 2165 1833 2196 sancti
1858 2165 1962 2202 Petri,
1987 2164 2080 2206 quod
2110 2165 2268 2196 dominus

431 2226 607 2258 Marsilius
630 2225 673 2255 de
697 2224 855 2256 Carraria
880 2230 959 2254 tunc
984 2221 1124 2254 tenebat
1147 2221 1213 2252 sibi
1245 2221 1402 2252 relictum
1428 2231 1448 2251 a
1478 2224 1605 2260 nepote
1629 2228 1701 2257 suo,
1730 2219 1869 2250 domino
1899 2218 2028 2249 Tisone
2061 2218 2105 2248 de
2134 2217 2266 2259 Campo

433 2279 552 2310 Sancti
575 2278 682 2310 Petri.

525 2386 583 2416 138
609 2384 708 2425 [1381.
733 2401 777 2406 —-
799 2383 899 2414 Anno
925 2382 1053 2414 domini
1078 2379 1394 2417 MCCCXXXVH,
1419 2380 1462 2410 de
1486 2389 1604 2410 mense
1629 2377 1718 2415 maii,
1742 2377 1872 2409 domini
1897 2376 2060 2408 Albertus
2087 2383 2121 2408 et
2144 2377 2264 2408 Masti—
2289 2375 2330 2409 35

432 2450 495 2471 nus
522 2438 601 2470 dela
625 2437 738 2474 Scala,
763 2436 945 2467 manifeste
964 2436 1120 2466 videntes
1143 2433 1206 2465 sibi
1225 2433 1416 2474 periculum
1440 2432 1586 2463 iminere
1611 2436 1644 2462 et
1668 2431 1769 2462 statui
1786 2441 1847 2461 suo
1861 2433 1882 2468 ⁵,
1908 2430 2071 2472 quoniam
2089 2429 2132 2461 ab
2149 2440 2267 2462 eorum

434 2493 503 2535 liga
537 2491 739 2523 defecerant
771 2489 899 2521 domini
931 2488 1026 2531 Acco
1059 2487 1273 2523 Vicecomes,
1304 2485 1522 2518 marchiones
1553 2491 1707 2516 estenses
1738 2490 1771 2515 et
1803 2483 2000 2515 Lodovicus
2031 2483 2074 2514 de
2105 2483 2269 2526 Goncaga

523 2610 546 2634 ς.
567 2605 694 2635 receptus
714 2604 755 2626 cst
776 2604 797 2626 S
815 2615 824 2619 -
844 2602 991 2625 civitatem
1012 2601 1046 2623 M
1065 2613 1095 2617 -—
1115 2599 1139 2622 6.
1161 2601 1219 2631 ipse
1240 2599 1372 2622 dominus
1392 2597 1415 2622 S
1437 2611 1462 2613 —
1486 2602 1509 2626 7.
1530 2596 1585 2623 Qui
1616 2596 1751 2619 similiter
1772 2597 1799 2618 In
1820 2597 1899 2619 exitu
1919 2603 1969 2619 suo
1989 2595 2010 2618 S
2028 2609 2059 2612 —
2074 2594 2098 2619 S.
2111 2595 2267 2619 honorifice

436 2657 484 2671 om.
505 2649 527 2671 S
551 2660 581 2663 —
612 2653 650 2669 11.
677 2643 830 2674 commict]
852 2643 1041 2666 inferentibus
1070 2642 1092 2666 S
1115 2655 1147 2658 —
1177 2647 1214 2664 12.
1241 2639 1395 2670 faciebant]
1425 2639 1642 2662 vonunittebant
1669 2639 1691 2661 S
1714 2651 1726 2655 -
1744 2638 1860 2669 grandis
1880 2646 1927 2660 om.
1947 2638 1968 2660 S
1987 2650 1996 2655 -
2017 2638 2147 2661 civitatis
2176 2636 2210 2660 M
2234 2649 2266 2654 —

439 2692 477 2715 16.
498 2692 588 2715 civita
609 2691 670 2713 M-
690 2688 748 2719 dic}
775 2690 807 2711 ‹le
834 2689 869 2711 M
891 2702 922 2704 ⁷
953 2688 990 2711 18.
1016 2686 1050 2710 ad
1077 2686 1115 2709 lo.
1142 2683 1230 2718 preti]
1255 2685 1288 2708 ad
1315 2687 1417 2708 terram
1446 2684 1468 2707 S
1491 2695 1501 2700 -
1527 2682 1619 2706 Padue
1645 2682 1668 2706 S
1691 2696 1722 2699 —
1754 2689 1791 2713 19.
1812 2682 1899 2705 Simul
1921 2683 1943 2706 S
1965 2695 1996 2699 —
2026 2688 2067 2705 20.
2095 2681 2267 2705 'sheutonici

436 2735 490 2766 ipsi
513 2734 588 2756 cives
608 2733 631 2756 S
648 2745 658 2749 -
679 2729 804 2763 spoliat.]
826 2731 1010 2753 clamantium
1032 2729 1055 2752 S
1073 2742 1104 2745 —
1126 2735 1166 2751 21.
1183 2734 1254 2750 man,
1272 2724 1367 2759 insen]
1381 2732 1458 2749 arma
1478 2726 1626 2756 int-ipiunt
1641 2726 1662 2748 S
1676 2739 1704 2741 —-
1722 2730 1761 2747 22.
1779 2724 1877 2755 sugant
1892 2725 1914 2748 S
1927 2738 1956 2740 —
1974 2730 2062 2755 22-23.
2076 2726 2103 2747 et
2118 2725 2167 2747 lat.
2183 2721 2268 2755 mox]

392 2782 405 2808 5
435 2777 517 2800 illu-0
538 2775 560 2800 S
580 2789 610 2791 —
631 2780 671 2805 ²4·
692 2773 756 2804 hoc]
776 2781 830 2803 quo
852 2774 874 2797 S
891 2786 924 2789 —
945 2778 985 2802 ²5-
1006 2770 1145 2801 Paduam}
1166 2769 1391 2793 Carrariensium
1413 2769 1435 2792 S
1453 2780 1483 2784 —
1505 2768 1545 2790 28.
1561 2766 1643 2798 legal.
1658 2766 1728 2797 esse]
1749 2768 1826 2790 viros
1841 2769 1910 2790 esset
1925 2766 2051 2790 rectosS
2069 2780 2101 2783 —
2121 2773 2162 2797 32.
2181 2767 2267 2789 etiam

439 2820 544 2842 furtive
564 2817 587 2842 S
604 2829 614 2835 -
634 2817 699 2847 quia
719 2817 740 2838 S

527 2916 534 2933 1
554 2915 690 2943 Comus,
714 2914 852 2942 Chronica,
872 2913 920 2942 VI,
940 2919 962 2936 2.
1470 2907 1480 2922 ⁴
1503 2907 1640 2936 Comus„
1661 2907 1800 2936 Chronica,
1821 2906 1866 2933 VI,
1885 2905 1909 2930 6.
2302 2911 2333 2930 10

527 2956 537 2971 ²
557 2956 695 2987 CORTUS.,
717 2956 854 2986 Chronica,
875 2954 920 2983 VI,
941 2963 965 2986 4.
1467 2948 1478 2963 ⁵
1497 2950 1635 2980 CORTUS.,
1656 2949 1796 2978 Chronica,
1817 2949 1863 2977 VI,
1884 2955 1908 2981 7.

526 2998 536 3015 ³
557 2998 692 3028 CORTUS„
715 2998 853 3027 Chronica,
871 2997 917 3028 VI,
939 3005 964 3029 4.
