2422 3684
425 215 471 249 32
775 214 948 251 GESTA
976 214 1281 251 MAGNIFICA
1309 214 1493 250 DOMUS
1522 215 1908 251 CARRARIENSIS

422 347 649 388 suprascripti
673 347 801 378 domini
826 347 1020 384 Massilieti‚
1044 358 1107 388 per
1130 346 1293 378 nuncium
1317 346 1509 378 simulatum
1541 347 1647 387 ipsius
1671 347 1801 378 domini
1824 347 2006 379 Marsilieti
2035 348 2080 379 ad
2103 357 2140 379 se
2164 348 2261 380 iussit

422 401 543 435 acciri;
570 411 671 441 quem
695 410 813 431 coram
836 411 871 431 se
894 401 1090 441 profectum
1116 400 1210 430 iussit
1234 400 1270 430 in
1293 401 1416 440 pulcro
1440 400 1567 430 talarno
1599 399 1788 431 honorifice
1820 406 1854 431 et
1878 401 2053 432 curialiter
2081 401 2259 433 custodiri.

421 453 558 484 Deinde
590 453 729 484 Petrum
761 464 837 484 cum
869 452 1032 490 Sacheto‚
1057 453 1215 484 Marcum
1241 463 1260 482 a
1283 453 1523 494 Campagnola
1546 457 1580 484 et
1603 451 1833 490 Albertinum,
1864 454 2017 484 factores
2042 453 2258 484 dominorum

422 505 581 537 Ubertini
616 512 650 537 et
680 505 873 545 Marsilieti,
907 505 1107 537 carceravit.
1156 503 1281 537 Postea
1313 514 1394 536 vero
1425 504 1533 536 literis
1563 505 1722 548 sigillatis
1755 505 1868 548 sigillo
1896 505 2027 537 domini
2064 506 2260 544 Marsilieti,

420 559 562 590 sublatis
586 559 704 601 primis
729 559 910 600 capitaniis
935 559 977 590 de
1002 558 1222 590 Montesilice
1247 565 1280 589 et
1304 557 1379 589 aliis
1402 557 1560 589 omnibus
1592 558 1724 596 castris,
1758 559 1794 589 in
1819 558 1950 591 eisdem
1982 569 2044 600 pro
2077 559 2260 600 capitaniis
2306 558 2323 590 5

419 612 512 643 viros
535 612 658 653 posuit,
683 612 806 654 quibus
831 618 966 653 poterat
990 617 1064 643 tuto
1090 611 1276 642 confidere.
1324 611 1368 642 Et
1392 611 1441 642 sic
1473 611 1585 642 subito
1615 618 1650 643 et
1683 617 1782 643 caute
1814 618 1918 643 nocte
1942 612 2002 642 illa
2033 611 2099 643 sibi
2130 617 2255 643 cuncta

420 665 626 707 subiugavit.
673 665 898 707 Stipendiarii
923 675 1015 702 vero,
1040 671 1172 696 mortuo
1197 665 1356 705 inspecto
1381 664 1521 695 domino
1546 664 1751 702 Marsilieto‚
1773 665 1836 696 sub
1859 675 1926 707 quo
1953 665 2164 702 iuraverant,
2195 664 2258 696 sub

423 719 605 761 magnifico
630 719 758 750 Iacobo
783 719 825 750 de
851 718 1008 750 Carraria
1040 718 1208 749 iuravere.
1258 716 1393 754 Quibus
1424 717 1472 749 sic
1506 717 1678 759 dispositis
1708 724 1743 750 et
1773 718 1839 749 iam
1873 723 1948 749 orto
1979 718 2064 755 sole,
2096 718 2260 760 primates

420 772 566 804 civitatis
590 772 708 803 Padue
725 778 758 803 et
775 772 971 802 uuiversum
990 771 1168 802 consilium
1187 777 1440 807 convenerunt3
1457 771 1676 813 magnificum
1694 771 1857 802 Iacobum
1871 771 1906 802 in
1924 771 2099 803 dominum
2115 771 2257 813 eligunt.

420 825 488 856 Hic
510 825 601 856 illico
626 831 821 856 carceratos
846 825 1014 855 ducentos
1038 831 1070 855 et
1100 824 1188 854 ultra
1212 824 1301 854 inter
1326 823 1431 855 laicos
1456 829 1489 855 et
1513 824 1660 855 clericos
1684 824 1727 855 de
1752 824 1900 865 publicis
1931 825 2131 856 carceribus
2163 824 2259 856 iussit
2286 825 2324 856 10

419 878 527 909 libere
551 878 714 911 relaxari:
740 877 959 908 Bonifacium
984 878 1027 908 de
1053 877 1170 919 Nigris
1196 877 1373 918 expulsum
1392 888 1469 908 cum
1485 877 1560 908 aliis
1576 877 1690 908 multis
1714 876 1846 908 civitati
1869 877 2033 913 restituit3
2051 877 2260 909 aboliciones

419 931 779 972 condempnacionum
804 930 982 961 constituit
1006 930 1204 971 generales:
1229 941 1337 972 eaque
1363 930 1419 962 die
1436 930 1654 967 Franciscus‚
1673 930 1760 961 filius
1777 929 1950 972 magnifici
1974 930 2093 962 Iacobi
2109 930 2259 972 predicti

420 985 462 1016 de
487 984 656 1019 Carraria,
682 984 856 1025 egregiam
882 983 1055 1014 dominam
1081 983 1211 1023 Finam,
1238 983 1339 1014 filiam
1365 982 1495 1014 domini
1521 981 1638 1014 Patari
1662 983 1705 1013 de
1727 982 2004 1024 Buccacharinis,
2021 983 2161 1024 accepit
2176 993 2259 1014 uxo-

420 1049 501 1069 rem.
548 1037 708 1068 Pretatus
733 1046 812 1067 vero
838 1036 1041 1077 magnificus
1065 1035 1211 1067 Iacobus
1241 1036 1276 1067 in
1312 1046 1406 1073 auro,
1438 1035 1602 1072 vestibus,
1629 1035 1797 1072 domibus,
1830 1035 1930 1073 villis,
1961 1036 2066 1077 agris,
2097 1036 2196 1078 equis
2226 1041 2260 1067 et

419 1091 522 1122 armis
545 1089 656 1120 multis
681 1090 786 1120 multa
811 1089 961 1120 donavit.
1010 1089 1137 1130 Sicque
1161 1089 1316 1120 paduani
1342 1089 1479 1129 pacifici
1497 1093 1589 1120 stant
1606 1088 1817 1129 multumque
1842 1089 2009 1126 contenti,
2025 1089 2068 1119 de
2085 1088 2260 1131 magnifici
2287 1088 2323 1120 15

419 1143 535 1175 Iacobi
561 1143 603 1174 de
629 1143 788 1173 Carraria
812 1142 945 1173 iusticia
969 1148 1003 1174 et
1025 1142 1217 1184 prudencia
1241 1142 1466 1173 confidentes.

1040 1265 1137 1297 XXI.
1163 1284 1206 1288 —
1228 1266 1394 1297 Dominus
1418 1266 1630 1297 Faevnciscus.

506 1349 557 1379 93.
584 1348 661 1388 [011.
687 1368 726 1372 —
752 1346 855 1379 Anno
879 1347 1008 1378 domini
1035 1345 1211 1383 MCCCV,
1237 1346 1325 1377 filins
1351 1346 1492 1377 domino
1510 1346 1614 1377 Petro
1632 1345 1757 1377 Comiti
1781 1346 1957 1378 successit.
2005 1346 2071 1378 Hic
2095 1347 2140 1378 ad
2164 1346 2259 1377 iuve-

417 1401 520 1432 nilem
547 1401 734 1441 perductus
760 1407 885 1431 etatem
912 1407 1107 1442 magnatum
1134 1400 1200 1430 fuit
1226 1399 1356 1430 virtutis
1381 1405 1414 1430 et
1447 1399 1737 1441 magnanimitatis
1768 1405 1893 1441 quante
1925 1399 1983 1430 vix
2013 1399 2109 1440 pacis
2141 1399 2257 1430 insciis

418 1456 631 1495 contingunt,
657 1461 689 1485 et
713 1464 826 1496 quem.
854 1454 917 1484 nisi
944 1464 1034 1484 mors
1059 1453 1127 1483 cito
1153 1453 1252 1483 nimis
1276 1459 1354 1483 ante
1376 1453 1466 1484 diem
1493 1452 1645 1483 debitum
1670 1457 1902 1493 properasset,
1918 1453 2188 1492 promovendum
2212 1453 2257 1484 ad
2282 1453 2323 1484 20

417 1519 551 1540 omnem
579 1509 668 1539 fame
693 1508 836 1551 gradum
862 1515 981 1538 natura
1006 1507 1225 1547 produxerat.
1272 1506 1343 1543 Set,
1367 1512 1576 1548 properante
1602 1507 1684 1543 fato,
1706 1505 1863 1549 ingentia
1884 1506 1971 1538 tanti
1995 1506 2057 1537 viri
2087 1517 2155 1537 una
2181 1516 2257 1537 cum

417 1572 459 1593 eo
485 1562 684 1603 peragenda
709 1567 903 1593 coruerunt.

1051 1641 1163 1673 XXII.
1189 1659 1232 1663 —-
1256 1640 1422 1672 Dominus
1447 1640 1623 1672 Nicolaus.

504 1725 555 1754 04.
581 1723 658 1763 [901.
684 1743 723 1747 —
750 1722 851 1754 Anno
870 1722 996 1753 domini
1016 1721 1250 1753 MCCCXIIII
1267 1722 1354 1753 filius
1378 1721 1516 1753 domino
1534 1721 1701 1753 Ubertino
1718 1721 1894 1753 successit.
1941 1720 2004 1752 Vir
2020 1721 2256 1763 magnanimus

418 1782 451 1808 et
478 1776 637 1812 liberalis,
664 1776 745 1806 nulli
772 1776 921 1816 priorum
947 1781 1078 1806 vetuste
1104 1775 1375 1806 Carrariensium
1400 1775 1521 1806 domus
1544 1775 1649 1805 animi
1674 1774 1834 1806 virilitate
1859 1774 2042 1816 secundus,
2066 1774 2254 1806 factionum
2280 1774 2319 1805 25

416 1829 615 1871 ingencium
632 1829 824 1869 intrepidus
842 1838 1010 1869 aggressor,
1028 1828 1227 1858 iniuriarum
1245 1827 1381 1868 penitus
1397 1828 1600 1867 impaciens,
1618 1827 1805 1858 amicorum
1824 1828 1884 1858 sed
1902 1827 2066 1858 nobilium
2082 1833 2115 1858 et
2132 1833 2256 1868 poten-

417 1883 506 1913 cium
531 1882 712 1913 consorcio
738 1881 940 1914 delectatus,
965 1887 1122 1911 strenuus
1146 1879 1178 1910 in
1205 1880 1301 1921 equis
1327 1885 1360 1910 et
1384 1881 1494 1917 armis,
1520 1879 1688 1910 acerimus
1705 1879 1817 1920 patrie
1842 1879 2008 1911 defensor
2032 1885 2066 1910 et
2090 1889 2258 1910 occuren-

418 1935 509 1966 tibus
534 1935 566 1964 in
591 1933 705 1965 dubiis
729 1934 879 1974 prudens
904 1940 937 1964 et
962 1939 1100 1970 astutus,
1125 1934 1217 1974 quod
1243 1939 1321 1964 actu
1339 1932 1577 1972 conprobavit.
1626 1932 1712 1963 Nam
1736 1933 1769 1963 in
1796 1932 1935 1963 iuvenili
1959 1942 2019 1962 sua
2043 1938 2134 1964 etate
2158 1938 2254 1964 tante

417 1988 481 2019 fuit
505 1987 678 2018 virilitatis
705 1985 833 2017 animi¹
861 1992 895 2017 et
920 1986 1095 2017 dominum
1119 1986 1336 2027 Oppiconem
1362 1985 1575 2026 Papafavam
1599 1986 1644 2016 ad
1668 1984 1889 2026 capescenda
1913 1995 2007 2016 arma
2039 1995 2100 2016 sua
2127 1985 2253 2017 virtute

419 2041 526 2073 erexit
551 2047 673 2072 contra
699 2040 836 2071 Petrum
861 2040 905 2070 de
930 2039 1122 2076 Alticlinio,
1147 2039 1331 2070 Ronchum
1357 2045 1390 2069 et
1414 2039 1499 2070 filios
1523 2045 1556 2069 et
1580 2038 1756 2079 utriusque
1780 2039 1968 2080 complices
1982 2037 2003 2075 ²,
2028 2038 2085 2080 qui
2117 2048 2254 2080 rempu-
2277 2040 2320 2070 30

417 2094 553 2134 blicam,
579 2093 673 2135 quasi
699 2093 855 2123 venalem
881 2092 1157 2123 meretrinculam
1184 2102 1247 2132 pro
1271 2091 1372 2123 libito
1397 2091 1637 2123 adulterabant
1650 2090 1671 2123 ³.
1715 2089 1959 2133 Quantumque
1983 2090 2255 2122 Carrariensium

417 2147 599 2187 magnifica
622 2147 742 2178 domus
758 2156 798 2176 eo
817 2145 850 2175 in
875 2145 992 2176 furore
1017 2145 1080 2175 sibi
1105 2144 1213 2187 glorie
1233 2150 1265 2176 et
1289 2144 1399 2175 laudis
1423 2143 1617 2186 acquisivit,
1642 2149 1751 2175 totum
1775 2143 1984 2175 strenuitatis
1999 2143 2106 2185 ipsius
2123 2143 2253 2176 domini

418 2200 553 2232 Nicolai
578 2206 611 2230 et
636 2199 824 2240 prudencie
850 2199 952 2230 debet
977 2198 1114 2230 ascribi.
1162 2197 1231 2235 Qui
1258 2204 1290 2228 et
1314 2198 1424 2229 eciam
1451 2202 1497 2227 x¹¹¹
1523 2197 1727 2228 ducatorum
1753 2197 2014 2238 promissionem
2038 2197 2108 2228 alto
2139 2197 2252 2230 animo

416 2254 632 2294 contempsit,
657 2263 700 2284 ne
726 2252 876 2283 vindicte.
901 2253 1035 2284 deesset
1059 2251 1260 2283 iniuriarum
1274 2251 1296 2288 ⁴,
1321 2256 1357 2282 ut
1373 2251 1529 2292 superius
1547 2250 1581 2281 in
1599 2250 1703 2292 gestis
1721 2250 1850 2281 domini
1869 2250 2058 2291 Oppiconis
2075 2250 2253 2292 Papafave

416 2309 516 2349 plene
541 2307 747 2338 continetur.
2274 2303 2316 2335 35

509 2403 559 2435 95.
584 2402 662 2444 [97].
690 2421 727 2425 —
753 2402 845 2443 [[1]ῐο
871 2402 1028 2433 dominus
1053 2400 1220 2432 Nicolaus
1251 2400 1344 2440 apud
1378 2398 1560 2430 Paduanos
1583 2399 1617 2429 in
1650 2399 1837 2430 iuventutis
1861 2409 1920 2430 sue
1946 2399 2028 2431 flore
2056 2405 2150 2431 tante
2182 2399 2252 2430 exi-

416 2456 570 2487 stimatus
595 2455 660 2486 fuit
683 2455 886 2492 autoritatis,
912 2461 947 2485 ut
971 2455 1061 2485 solus
1086 2454 1176 2484 visus
1207 2453 1282 2487 sit⁵,
1307 2452 1364 2494 qui
1398 2452 1524 2494 dignus
1552 2461 1614 2493 pro
1640 2452 1777 2482 comuni
1803 2451 1921 2482 Padue
1946 2452 2145 2483 micteretur
2169 2462 2244 2483 cum

415 2509 535 2541 Ulrico
560 2509 603 2540 de
627 2508 731 2539 Valse
756 2508 801 2540 ad
826 2508 1087 2549 parlamentum,
1111 2505 1204 2548 quod
1230 2516 1345 2537 coram
1377 2504 1597 2547 imperatoria
1628 2504 1805 2536 maiestate
1839 2505 1871 2535 in
1896 2504 2050 2547 Bolcano
2075 2504 2244 2536 celebrari

510 2627 519 2644 1
528 2628 548 2644 1.
570 2620 705 2653 expulsus
726 2621 761 2643 M

506 2707 514 2723 ¹
529 2708 573 2732 Cf,
589 2708 737 2736 §Iussu-0,
751 2709 795 2731 De
805 2708 901 2739 galis,
917 2707 962 2737 xl,
981 2715 989 2731 1
1006 2707 1060 2737 (ed.
1073 2707 1198 2733 Primus,
1214 2713 1239 2738 p.
1259 2705 1306 2737 893
1363 2704 1376 2717 “
1387 2705 1445 2728 auri
1459 2721 1465 2728 .
1477 2721 1483 2728 .
1496 2723 1500 2727 .
1513 2722 1518 2727 .
1540 2704 1690 2727 Nicolaum
1711 2705 1857 2735 sociosque
1883 2704 2068 2736 compellavit
2088 2711 2119 2727 ac
2147 2711 2249 2735 nequa·
2282 2711 2314 2728 10

417 2752 457 2775 etl.
480 2751 591 2779 ΜΕυιΝ,
613 2758 640 2781 p.
661 2749 717 2781 42).
1361 2749 1466 2778 “quam
1489 2748 1634 2778 profuit„.
1673 2748 1717 2771 Cf.
1738 2745 1787 2778 piu
1807 2748 1881 2771 oltre
1902 2756 1922 2771 c.
1946 2746 2003 2771 106.

506 2790 515 2804 ²
537 2792 687 2819 Mrssaro,
707 2791 749 2813 De
766 2791 863 2820 ,gv-estis.
882 2789 929 2818 IV,
953 2797 961 2812 1
979 2789 1077 2820 (Mum,
1097 2788 1131 2818 X,
1150 2786 1223 2820 609).
1262 2787 1306 2811 Cf.
1449 2788 1458 2803 ⁵
1481 2789 1616 2814 CORTUS..
1639 2790 1776 2817 Chronica,
1797 2790 1829 2819 ΙΙ,
1847 2796 1890 2817 ης
1913 2790 2145 2813 “Ambaxatores
2158 2790 2251 2814 Padue

418 2831 467 2865 piu
487 2834 559 2856 oltre
580 2839 638 2862 cap.
661 2831 719 2855 106.
1361 2832 1522 2855 “Nicolaus
1543 2832 1575 2855 tle
1601 2830 1742 2859 Carraria,
1769 2832 1918 2856 Rolandus
1943 2832 1976 2856 de
2002 2831 2130 2860 plazola,
2157 2832 2250 2860 iudex.

505 2874 515 2889 3
534 2875 683 2902 Mussmo,
704 2875 747 2898 De
764 2875 862 2904 gestis,
878 2873 923 2902 IV,
947 2880 956 2896 1
973 2874 1071 2903 (Mun,
1091 2873 1126 2902 X,
1148 2872 1220 2903 607).
1261 2871 1306 2896 Cf.
1363 2873 1526 2897 “Iohannes
1547 2874 1579 2896 de
1600 2874 1707 2905 Campo
1727 2874 1824 2897 Sancti
1845 2873 1920 2897 Petri
1941 2875 1969 2896 et
1989 2873 2128 2896 Aleardus
2147 2874 2180 2897 de
2200 2873 2251 2896 Ba-

418 2917 465 2949 piu
486 2918 561 2941 oltre
581 2925 601 2940 c.
626 2917 682 2940 106.
1361 2915 1460 2938 “siliis
1481 2923 1541 2938 cum
1568 2915 1685 2938 domino
1710 2916 1743 2938 de
1769 2916 1852 2939 Valse
1879 2916 1991 2939 iverunt
2011 2915 2176 2945 Bolcanum,
2202 2915 2248 2938 ubi
2281 2921 2309 2946 15

507 2958 517 2973 ⁴
532 2959 678 2986 Mussaro,
694 2959 736 2982 De
746 2959 843 2989 ges-lis,
860 2958 903 2988 IV,
921 2965 931 2981 1
946 2957 1045 2989 (Mun,
1059 2957 1091 2984 X,
1106 2957 1183 2987 013):
1201 2956 1306 2980 “Illico
1359 2957 1372 2970 “
1383 2964 1441 2981 csse
1455 2957 1571 2980 debebat
1588 2957 1793 2988 parlamentum
1806 2975 1831 2987 „.
1861 2957 1905 2982 Cf.
1919 2954 1969 2988 piu
1984 2964 2066 2989 sopra
2086 2964 2108 2980 c.
2123 2964 2154 2988 43
2172 2957 2248 2980 nella

421 3002 433 3013 ‘⁸'
444 3003 470 3025 et
491 3002 523 3025 de
544 3001 737 3032 redemptione
756 3007 817 3024 aere
837 3000 904 3023 dato
925 3000 1017 3023 decem
1039 2999 1116 3023 mille
1137 2999 1307 3023 florenorum
1361 3000 1420 3022 vita
1440 2998 1470 3022 di
1484 2998 1592 3030 Jaeopo
1612 2998 1728 3030 grande.
