2422 3684
493 269 661 305 GESTA
690 269 991 306 MAGNIFICA
1020 270 1205 305 DOMUS
1234 269 1620 305 CARRARIENSlS

458 403 595 435 REDAz.
621 403 651 435 A

132 481 217 512 tere,
255 485 296 506 ne
327 475 395 507 hoc
424 479 582 516 tempore
612 485 706 505 mare
738 474 976 515 pertransiret,

132 539 199 570 quo
224 533 390 560 statuerat
412 528 550 569 penitus
575 528 635 566 ire,
666 527 775 569 ipsum
800 527 975 559 dominum

132 580 352 613 Bonifacium
371 582 414 612 de
433 581 536 622 Lupis
552 587 621 612 tam
639 591 682 613 ex
695 581 745 611 sui
760 586 858 621 parte
873 591 974 622 quam

131 634 238 675 ipsius
260 633 439 676 magnifici
466 633 595 665 domini
620 634 712 665 misit
736 634 777 664 ad
795 634 905 674 ipsum
922 644 975 665 re-

132 698 209 730 gem
246 698 323 719 cum
362 687 541 729 legacione
577 687 621 718 ad
657 687 720 718 ista
757 688 975 724 condecenti,

130 741 242 782 ipsum
259 741 465 778 hortaturus,
478 746 516 771 ut
531 741 752 771 constitutum
766 741 974 772 maritimum

132 794 197 825 iter
221 804 283 835 pro
307 793 411 824 modo
436 793 599 824 omictere
623 793 730 825 vellet
755 793 914 835 velleque
939 804 974 824 se

133 857 210 878 cum
227 847 301 888 ipso
326 847 535 886 imperatore
559 846 595 877 in
622 845 759 878 Italiam
782 846 974 887 proficisci,

130 899 195 932 sibi
211 905 309 940 parte
326 899 504 940 spondens
524 909 665 930 cesarea
683 899 854 940 expeditis
871 909 976 941 agen-

131 953 184 984 dis
207 953 242 983 in
266 952 364 983 Italia
389 963 425 983 se
457 963 639 993 personam
665 963 761 984 snam
786 953 842 983 vel
868 952 976 984 subsi-

132 1006 226 1038 dium
243 1006 401 1037 mirabile
417 1006 489 1048 regi
508 1005 574 1046 ipsi
590 1005 825 1048 elargiturum.
866 1007 909 1037 Et
925 1007 974 1038 sic

132 1060 264 1091 factum
288 1064 349 1090 est.
395 1058 434 1089 In
460 1059 574 1090 reditu
598 1064 712 1089 autem
737 1059 842 1100 ipsius
858 1060 975 1090 nuncii

132 1113 176 1144 ad
198 1112 310 1153 ipsum
328 1111 554 1153 magnificum
578 1112 751 1143 dominum
770 1113 842 1154 ipse
868 1114 973 1144 domi-

132 1176 204 1207 nus,
229 1165 452 1197 considerans
475 1165 628 1197 animum
651 1165 741 1207 regis
759 1172 974 1197 sacramento

130 1218 283 1250 innixum
307 1218 555 1250 transfretandi
573 1228 771 1260 summeque
793 1219 976 1257 affectans,

132 1282 213 1303 casu
238 1272 446 1303 adveniente
471 1271 591 1308 relato,
615 1271 651 1303 in
669 1272 875 1304 visitacione
892 1272 975 1303 dno-

131 1336 204 1356 rum
227 1325 393 1356 luminum
419 1325 509 1365 regis
532 1325 637 1366 ipsius
661 1326 790 1357 socium
816 1325 975 1362 existere,

130 1379 166 1410 in
191 1379 287 1410 cuius
310 1378 485 1409 maiestate
509 1388 587 1419 spes
604 1378 677 1410 eius
700 1383 772 1410 tota
788 1378 976 1419 pendebat,

131 1433 177 1464 ad
193 1442 359 1463 summum
376 1431 583 1472 pontificem
609 1431 770 1462 nuncium
788 1431 976 1472 superinde

134 1485 273 1523 direxit,
308 1484 508 1526 supplicans
545 1494 609 1525 per
645 1495 769 1525 papam
805 1485 870 1525 ipsi
903 1484 975 1526 regi

132 1538 368 1570 iusiurandum
400 1538 535 1569 remicti
560 1537 767 1579 suaderique
791 1549 854 1579 per
885 1537 977 1579 lega-

133 1597 215 1628 tum,
240 1592 332 1633 quod
360 1602 422 1632 pro
454 1591 605 1632 presenti
637 1602 656 1621 a
687 1591 975 1623 transfretacione

134 1645 280 1681 desinat,
305 1655 421 1676 secum
448 1644 482 1674 in
515 1645 649 1675 Italiam
681 1650 715 1676 et
747 1655 824 1676 cum
849 1644 977 1676 Cesare

134 1698 367 1741 profecturus.

223 2443 297 2477 271.
323 2461 361 2465 -—
388 2443 464 2474 Hac
488 2449 704 2485 tempestate,
723 2443 978 2474 intromissione

136 2503 167 2528 et
191 2502 341 2528 tractatu
366 2496 582 2537 imperatoris
605 2496 740 2533 Karoli‚
765 2496 821 2538 qui
846 2496 889 2527 ad
910 2506 978 2526 ma-

135 2550 303 2592 gnificum
340 2548 514 2581 dominum
546 2550 721 2581 dominum
755 2549 978 2581 Franciscum

136 2603 179 2634 de
203 2603 363 2635 Carraria
387 2603 521 2633 sincera
538 2601 734 2633 dilectionis
751 2603 895 2633 caritate
913 2613 979 2633 non

136 2656 308 2687 modicum
345 2655 566 2693 afficiebatur,
598 2655 682 2686 inita
718 2663 767 2687 est
802 2655 979 2696 parentela

135 2708 225 2740 inter
248 2708 470 2749 magnificam
488 2708 658 2739 dominam
676 2709 850 2739 dominam
875 2708 981 2753 (pilio-

136 2762 215 2798 lam,
228 2761 332 2802 ipsius
344 2761 523 2803 magnifici
537 2761 665 2793 domini
678 2767 790 2792 natam
803 2761 980 2798 maiorem,

138 2820 172 2845 et
194 2813 362 2845 illustrem
386 2814 580 2855 principem
605 2813 846 2856 Vencesfflum,
872 2815 979 2846 Saxo-

136 2867 193 2898 nie
218 2867 352 2904 ducem,
377 2867 420 2898 de
446 2867 541 2898 cuius
565 2867 683 2898 inclite
709 2868 829 2899 domus
847 2868 981 2898 virtuti-

137 2920 199 2952 bus
223 2926 257 2951 et
280 2919 464 2952 nobilitate
481 2921 629 2952 necdum
655 2927 770 2962 partes
788 2921 979 2954 Alemanie,

137 2975 199 3005 sed
231 2975 334 3005 etiam
364 2974 496 3011 italice,
528 2974 611 3016 quin
644 2974 713 3005 imo
744 2975 980 3013 ultramarine,

138 3028 239 3069 plene
263 3033 351 3058 sunt.
398 3026 454 3058 Ad
479 3037 578 3069 quam
611 3027 880 3068 disponsandam
912 3028 980 3058 dux

1044 900 1080 930 10

1044 1165 1079 1195 15

1040 1431 1081 1461 20

1042 1963 1082 1994 30

1044 2550 1085 2580 40

1457 402 1596 435 REDAZ.
1623 403 1653 434 D

1135 475 1281 507 l’inclito
1306 485 1343 506 re
1371 475 1414 506 de
1439 475 1619 517 Hongaria
1642 476 1751 507 havea
1783 478 1815 508 al
1847 478 1978 519 magni-

1134 529 1204 560 fico
1237 529 1354 572 signor
1381 528 1506 559 mesier
1531 529 1725 561 Francesco
1751 531 1794 561 da
1819 531 1977 569 Carrara,

1135 588 1168 613 et
1192 582 1370 623 pensando
1394 583 1459 613 che
1484 581 1673 613 solamente
1698 584 1728 613 el
1748 584 1842 615 dicto
1862 584 1978 625 signor

1135 645 1198 667 con
1226 635 1256 666 le
1282 636 1465 678 preghiere
1490 645 1611 676 possea
1629 635 1744 678 voleer
1762 637 1793 668 el
1811 637 1905 669 dicto
1930 648 1977 675 re,

1136 689 1201 719 che
1219 700 1238 719 a
1255 695 1376 729 questo
1394 695 1508 730 tempo
1534 688 1601 719 ello
1618 699 1661 720 no
1679 699 1834 729 passasse
1852 690 1884 722 el
1908 701 1979 721 ma-

1135 752 1182 778 re,
1201 742 1231 772 o'
1256 741 1324 772 ello
1350 742 1458 773 havea
1481 742 1581 773 statui
1600 741 1632 772 al
1656 747 1793 783 postuto
1810 743 1853 774 de
1871 744 1978 775 dover

1134 795 1252 831 anclar,
1279 794 1405 826 mando
1438 795 1469 826 el
1501 795 1699 827 sovradicto
1726 797 1852 827 mesier
1876 797 1977 828 Boni-

1137 848 1226 879 facio
1251 848 1285 878 di
1312 848 1408 886 Lovi,
1433 848 1503 880 cosi
1517 859 1580 889 per
1597 859 1656 879 soa
1673 855 1782 890 parte,
1796 859 1895 881 como
1916 861 1977 891 per

1136 906 1231 942 parte
1256 900 1311 932 del
1338 902 1433 933 dicto
1458 902 1648 943 magnifico
1672 901 1801 944 sigum,
1830 903 1859 934 al
1884 902 1976 935 dic10

1135 954 1257 985 mesier
1283 954 1315 985 lo
1340 965 1375 985 re
1401 964 1466 987 con
1487 955 1679 986 ambaxada
1704 955 1789 986 assai
1814 955 1976 987 desevole

1134 1007 1369 1038 all’intencion
1394 1008 1449 1039 del
1474 1008 1569 1039 dicto
1598 1008 1808 1049 imperad0r‚
1832 1020 1979 1051 pregan-

1135 1061 1216 1092 dolo
1242 1060 1305 1091 che
1331 1062 1351 1091 'l
1376 1061 1509 1092 volesse
1534 1061 1641 1092 lassat
1666 1061 1697 1092 la
1722 1062 1776 1093 via
1810 1063 1852 1093 de
1877 1064 1979 1094 oltra-

1135 1124 1239 1148 mare,
1264 1113 1295 1144 o’
1320 1115 1384 1145 elie
1411 1113 1430 1145 ’1
1449 1115 1560 1145 havea
1584 1121 1683 1156 posta
1699 1115 1732 1146 la
1748 1126 1785 1146 so
1802 1116 1978 1148 intencion

1135 1166 1178 1198 de
1202 1167 1299 1198 voler
1322 1168 1442 1205 andar,
1468 1174 1502 1198 et
1533 1168 1642 1209 primo
1674 1169 1772 1199 voler
1807 1170 1920 1212 vignii·
1945 1171 1977 1201 in

1134 1220 1235 1251 Italia
1260 1220 1313 1251 col
1340 1221 1434 1252 (licto
1458 1220 1666 1262 imperador,
1684 1224 1977 1265 promectandoge

1135 1284 1197 1314 per
1221 1274 1252 1304 la
1278 1280 1372 1314 parte
1398 1273 1441 1304 de
1468 1274 1689 1315 l'imperador
1712 1276 1884 1317 predicto,
1902 1277 1978 1314 che,

1135 1327 1283 1368 spacade
1309 1327 1340 1357 le
1367 1337 1445 1357 cose
1471 1327 1502 1357 in
1530 1327 1639 1364 Italia,
1665 1329 1731 1359 ello
1761 1330 1915 1361 mectera
1947 1331 1979 1361 al

1134 1390 1172 1411 so
1198 1380 1309 1421 piaser
1342 1381 1373 1412 la
1404 1392 1553 1423 persona
1577 1392 1648 1419 soa,
1674 1394 1692 1414 o
1721 1383 1789 1415 ello
1821 1393 1863 1426 ge
1896 1385 1978 1415 dara

1135 1444 1179 1464 un
1194 1434 1406 1465 meraveioso
1423 1435 1587 1466 subsidio.
1614 1436 1657 1467 Et
1670 1436 1742 1468 cosi
1758 1437 1793 1468 fo
1809 1438 1912 1468 facto.
1940 1439 1978 1469 In

1135 1487 1169 1517 lo
1193 1492 1310 1517 tornar
1334 1488 1388 1528 po'
1415 1488 1470 1519 del
1496 1488 1587 1519 dicto
1606 1491 1729 1520 mesier
1746 1489 1929 1522 Bonifacio
1947 1493 1978 1523 al

1136 1540 1230 1571 dicto
1248 1541 1439 1581 magnifico
1459 1542 1575 1583 signor
1592 1543 1716 1573 mesier
1732 1543 1926 1576 Francesco
1946 1546 1979 1576 di

1135 1593 1292 1630 Carrara,
1317 1595 1571 1627 considerando
1596 1596 1732 1627 l'animo
1765 1597 1822 1628 del
1854 1609 1889 1628 re
1918 1608 1980 1638 per

1137 1653 1358 1689 sagramento
1393 1649 1557 1680 astriecto
1594 1650 1637 1681 de
1674 1650 1769 1682 voler
1804 1662 1920 1692 passas
1947 1652 1979 1682 el

1136 1710 1241 1738 mare,
1266 1707 1298 1731 et
1322 1708 1568 1733 summamente
1598 1703 1771 1735 habiando
1797 1704 1828 1734 in
1855 1705 1979 1743 animo,

1138 1753 1167 1784 o’
1193 1754 1258 1784 che
1279 1754 1299 1784 ’1
1323 1765 1359 1786 re
1385 1754 1428 1785 de
1454 1755 1631 1798 Hongaria
1656 1756 1804 1800 vignisse
1829 1769 1847 1789 a
1867 1757 1979 1789 Roma

1137 1817 1156 1837 a
1181 1806 1300 1846 visitas
1323 1808 1332 1838 i
1358 1808 1403 1838 du
1428 1808 1518 1846 lumi,
1552 1809 1613 1851 coe
1637 1820 1697 1841 san
1728 1810 1830 1842 Piero
1862 1817 1896 1842 et
1919 1822 1979 1842 san

1137 1859 1233 1897 Polo,
1257 1860 1301 1891 de
1325 1871 1418 1892 esser
1441 1871 1479 1893 so
1512 1872 1717 1905 compagno,
1749 1864 1978 1906 conposiache

1138 1913 1218 1955 ogni
1243 1923 1301 1944 soa
1325 1924 1493 1955 spei-anca
1518 1926 1577 1947 era
1601 1916 1643 1952 in,
1659 1916 1717 1953 lui,
1743 1918 1774 1948 el
1799 1918 1924 1949 mando
1942 1929 1978 1950 so

1138 1976 1249 1998 messo
1274 1967 1304 1997 al
1331 1978 1463 1999 summo
1496 1969 1677 2009 pontifico,
1707 1971 1921 2013 pregandolo
1947 1977 1980 2002 et

1138 2019 1367 2061 supplicando
1403 2021 1468 2052 che
1503 2032 1567 2063 per
1598 2023 1630 2054 lo
1666 2023 1761 2054 dicto
1800 2024 1978 2064 pontiffico

1138 2073 1228 2104 fosse
1252 2084 1399 2105 remesso
1425 2075 1454 2105 al
1481 2082 1699 2117 sagramento
1723 2077 1817 2107 facto
1836 2077 1867 2107 al
1885 2078 1979 2109 dicto

1137 2136 1174 2156 re
1199 2126 1241 2156 de
1265 2127 1454 2169 Hongaria,
1480 2134 1513 2160 et
1530 2129 1611 2171 sege
1636 2129 1790 2161 anchora
1806 2131 1980 2172 supplicar

1139 2179 1204 2210 che
1229 2179 1295 2210 ello
1319 2181 1451 2212 volesse
1476 2182 1656 2213 confortat
1679 2183 1708 2214 el
1735 2183 1828 2214 dicto
1854 2194 1889 2214 re
1915 2184 1979 2214 che

1140 2242 1201 2272 per
1226 2232 1256 2264 lo
1280 2240 1441 2274 presente
1473 2235 1540 2266 ello
1571 2235 1702 2267 volesse
1735 2237 1909 2279 romagnir
1936 2236 1981 2267 da

1140 2296 1258 2326 passar
1282 2287 1369 2318 oltra
1394 2299 1498 2327 mare,
1523 2299 1577 2320 ma
1602 2299 1667 2321 con
1693 2289 1738 2320 lui
1763 2295 1795 2321 et
1813 2300 1876 2321 con
1896 2290 1982 2321 l’im-

1139 2340 1291 2381 perador
1315 2342 1410 2372 volet
1433 2342 1544 2384 vignir
1567 2342 1603 2372 in
1627 2343 1736 2374 Italia.

1228 2438 1302 2471 271.
1328 2457 1368 2460 —
1402 2439 1452 2469 En
1485 2446 1605 2480 questo
1637 2446 1754 2481 tempo
1785 2453 1847 2482 per
1878 2442 1982 2473 inter-

1140 2492 1280 2524 mission
1305 2499 1337 2523 et
1362 2492 1471 2523 tracta
1503 2492 1546 2523 de
1579 2493 1688 2524 Karlo
1717 2494 1923 2536 imperador,
1949 2496 1980 2526 el

1140 2545 1219 2587 qual
1236 2555 1299 2576 con
1318 2545 1452 2575 sincera
1468 2546 1575 2577 carita
1599 2547 1707 2578 havea
1724 2549 1856 2589 grande
1874 2549 1981 2580 affec-

1141 2599 1219 2630 cion
1243 2598 1273 2629 al
1298 2598 1486 2641 magnifico
1503 2599 1621 2641 signor
1637 2602 1762 2631 mesier
1785 2601 1980 2633 Francesco

1140 2651 1184 2683 da
1210 2651 1365 2687 Can-ara,
1399 2651 1433 2682 fo
1467 2652 1561 2683 facto
1593 2652 1622 2682 el
1652 2654 1796 2693 parenta
1826 2655 1916 2685 intro
1950 2655 1981 2685 la

1140 2705 1328 2747 magnifica
1353 2706 1468 2736 donna
1493 2706 1640 2737 madona
1657 2706 1791 2749 (filiola,
1816 2707 1900 2738 fiola
1925 2707 1981 2738 del

1142 2760 1234 2791 dicto
1259 2758 1447 2800 magnifico
1470 2759 1585 2801 signer
1615 2760 1739 2791 mesier
1773 2762 1980 2798 Francesco,

1141 2818 1175 2843 et
1198 2813 1231 2842 lo
1254 2811 1384 2842 illustre
1409 2812 1566 2853 principo
1598 2813 1793 2855 Vinceslao‚
1823 2814 1904 2844 duse
1937 2813 1980 2844 de

1142 2866 1333 2906 Sanwgna,
1359 2865 1449 2895 delle
1474 2866 1562 2896 virtu
1588 2878 1604 2895 e
1631 2866 1723 2897 della
1744 2866 1871 2897 nobilia
1889 2866 1981 2897 della

1141 2919 1221 2960 qual
1246 2928 1325 2949 cosa
1350 2929 1394 2948 no
1419 2919 1606 2949 solamente
1633 2920 1662 2949 le
1695 2926 1792 2960 parte
1826 2919 1867 2950 de
1900 2918 1981 2950 Ale-

1141 2983 1275 3014 magnn,
1300 2983 1350 3002 mn
1377 2970 1537 3003 eciandio
1573 2978 1662 3002 lucta
1694 2972 1793 3003 Italia
1816 2972 1834 3002 ὲ
1867 2972 1979 3013 piena.

1142 3026 1197 3057 Ad
1221 3036 1339 3066 sposar
1371 3025 1401 3055 la
1432 3025 1511 3067 qual
1545 3026 1658 3055 donna
1690 3035 1800 3056 venne
1832 3025 1863 3056 el
1895 3025 1979 3056 cluse
