2422 3684
518 267 691 303 GESTA
721 266 1018 302 MAGNIFICA
1046 266 1231 302 DOMUS
1261 265 1649 301 CARRARIENSIS
1935 265 2002 300 135

258 790 331 823 267.
358 810 395 815 —
421 789 589 821 Similiter
619 795 653 821 et
683 790 734 820 illi
759 791 802 821 de
833 790 1011 832 Vencone‚

169 844 348 875 obsidione
364 842 509 880 astricti,
526 843 685 874 videntes
701 843 868 884 promissa
885 844 1009 874 ducum

168 897 336 938 suppedia
353 901 605 937 expectataque
622 897 656 926 in
674 895 814 937 longum
835 896 1010 938 progredi,

171 955 410 990 conceperunt
434 949 477 980 ad
502 948 742 980 obedienciam
760 955 794 980 et
811 949 1011 980 fidelitatem

169 1002 295 1034 redire.
327 1002 455 1044 Sicque
472 1002 507 1032 in
523 1007 631 1033 totum
646 1002 852 1033 recedentes
869 1002 911 1033 ab
929 1001 1010 1033 obe-

170 1055 310 1087 diencia
333 1061 366 1086 et
390 1055 457 1086 fide
478 1054 624 1086 ducibus
640 1055 796 1096 prestita,
813 1054 1011 1097 aquilegen-

168 1118 240 1140 sem
276 1107 458 1140 ecclesiam
490 1108 552 1139 sub
584 1107 760 1138 fidelitatis
791 1114 1010 1139 sacramento

167 1162 203 1192 in
227 1167 368 1193 matrem
394 1171 604 1200 cognovere.

256 1269 328 1299 268.
347 1288 388 1293 ——
406 1268 482 1300 Hoc
500 1274 656 1310 tempore
674 1269 728 1299 vir
745 1269 906 1310 egregius
919 1267 1012 1299 Mar-

167 1323 317 1365 quardus
340 1321 384 1353 de
398 1321 587 1358 Alemania‚
605 1321 662 1363 qui
681 1322 783 1363 longe
799 1327 879 1352 ante
898 1321 1012 1362 presul

168 1375 292 1407 Karoli
315 1375 428 1406 fuerat
450 1374 679 1416 imperatoris,
705 1375 901 1416 patriarcha
918 1374 1013 1416 prius

168 1434 305 1460 creatus
328 1427 478 1460 ecclesie
503 1427 747 1470 aquilegensis,
780 1433 920 1468 propter
944 1438 1012 1459 non

168 1481 294 1513 bonam
318 1481 434 1513 Patrie
459 1480 611 1522 Forijulii
637 1482 881 1512 condicionem
899 1481 960 1512 illo
978 1492 1013 1511 se

168 1534 321 1572 contulit,
346 1533 403 1566 ubi
434 1544 498 1574 per
528 1534 672 1565 nuncios
703 1534 809 1574 ipsius
838 1534 1012 1576 magnifici

167 1588 299 1620 domini
332 1587 509 1619 Francisci
546 1588 590 1618 de
626 1586 787 1618 Carraria
823 1587 1012 1618 honorifice

168 1641 323 1672 visitatus
346 1640 421 1676 fuit,
445 1646 514 1671 tum
540 1641 620 1681 quia
649 1640 865 1681 imperatoris
896 1640 1011 1681 presul

168 1694 290 1730 fuerat,
316 1693 414 1725 cuius
431 1693 501 1734 ipse
527 1693 687 1725 dominus
710 1693 916 1725 Franciscus
940 1699 1013 1724 erat

167 1754 334 1784 creatura,
359 1753 430 1778 tum
454 1747 555 1778 etiam
580 1753 723 1788 propter
746 1747 921 1784 unionem,
945 1758 1011 1788 qua

168 1806 242 1831 erat
266 1810 342 1831 cum
368 1800 475 1841 ipsius
500 1800 651 1831 ecclesia
675 1801 890 1832 coniunctus.

256 2013 330 2044 269.
364 2031 405 2035 —-
437 2011 517 2049 Quo
549 2018 714 2053 tempore,
739 2012 819 2054 quia
847 2012 1012 2043 terminus

169 2068 300 2097 finierat
333 2066 486 2098 fraterne
517 2066 652 2096 unionis
683 2071 716 2096 et
746 2066 826 2108 lige,
857 2076 922 2107 que
952 2076 1014 2107 per

167 2119 439 2162 quinquennium
463 2119 578 2150 fuerat
600 2119 689 2150 inter
721 2119 832 2159 ipsum
857 2119 1013 2161 magnifi-

169 2183 245 2204 cum
282 2172 456 2203 dominum
492 2172 717 2203 Franciscum
750 2178 784 2203 et
817 2172 1013 2208 Nicolaum,

168 2225 400 2258 marchionem
413 2231 591 2262 estensem,
602 2226 749 2266 predicti
764 2225 893 2256 „lomini
907 2226 1013 2256 Fran-

169 2279 283 2310 ciscus
307 2285 341 2310 et
367 2279 532 2310 Nicolaus
556 2278 813 2310 Lendenariam
842 2289 1014 2310 convene-

169 2338 257 2373 runt,
283 2331 338 2363 ubi
364 2332 518 2363 similiter
541 2331 721 2363 celebrato
747 2332 921 2373 colloquio
946 2332 1014 2373 liga

169 2385 243 2426 ipsa
268 2397 329 2427 per
354 2385 505 2417 futurum
531 2385 634 2416 alium
659 2386 931 2427 quinquennium
959 2385 1013 2415 fir—

169 2445 260 2469 mata
284 2438 351 2469 fuit
368 2439 456 2469 iuter
472 2438 581 2479 ipsum
598 2438 772 2470 dominum
789 2438 1013 2470 Franciscum

170 2493 212 2523 de
237 2491 398 2523 Carraria
423 2499 458 2523 et
480 2491 662 2523 Nicolaum
688 2499 723 2524 et
747 2493 872 2523 fratres
897 2491 1013 2533 Hugo-

170 2556 247 2576 nem
273 2552 306 2577 et
330 2543 519 2581 Albertum,
547 2545 768 2576 marchiones
793 2551 954 2576 estenseS.

257 2651 330 2685 270.
364 2672 404 2676 —
437 2651 518 2683 Post
551 2658 762 2683 contractam
800 2651 1012 2693 parentelam

169 2705 358 2746 imperialis
380 2705 558 2748 sanguinis
590 2715 664 2736 cum
688 2705 777 2737 duce
809 2705 954 2736 Alberto
980 2709 1013 2735 et

170 2759 431 2800 suscepcionem
456 2758 597 2790 Austrie
621 2759 745 2789 ducum
763 2759 825 2790 sub
842 2758 1013 2799 imperiali

170 2811 286 2849 tutela,
299 2811 540 2853 Marquardus,
558 2811 791 2854 aquilegensis
805 2811 1013 2852 patriarcha,

171 2865 229 2906 qui
253 2870 413 2896 creatura
444 2870 517 2896 erat
540 2865 644 2906 ipsius
668 2865 887 2906 imperatoris
911 2870 944 2896 et
969 2863 1013 2894 ob

264 2984 302 3001 10.
323 2977 369 3009 ad]
390 2985 404 3002 a
424 2984 477 3009 qua
497 2979 533 3002 M
550 2990 581 2995 -
609 2983 650 3009 ²3·
669 2976 761 3008 cuius]
782 2985 842 3001 cum
870 2978 905 3001 M
921 2990 951 2993 —
972 2983 1014 3007 43.

173 3023 253 3046 erant
274 3023 310 3046 Μ

1080 948 1117 977 10

1081 1263 1117 1294 15

1076 1532 1117 1562 20

1077 2116 1117 2147 30

1077 2381 1116 2413 35

1078 2702 1118 2732 40

1496 398 1633 429 REDAZ.
1656 397 1687 428 D

1174 470 1206 502 al
1230 469 1437 512 patriarcha,
1461 468 1589 510 perche
1619 469 1686 500 ello
1718 470 1808 501 fesse
1840 481 1965 512 guerra
1995 482 2015 502 a

1174 524 1259 556 dicti
1284 524 1328 554 da
1351 521 1593 564 Spilimbergo,
1612 528 1645 552 et
1670 523 1779 564 questi
1806 523 1915 554 dinari
1939 535 2016 564 pro—

1173 577 1257 608 mise
1281 576 1323 608 de
1348 586 1455 619 pagar
1478 586 1499 607 a
1515 576 1600 607 certi
1618 576 1762 615 termini,
1781 587 1879 608 como
1898 584 2016 610 consta

1174 640 1236 671 per
1259 629 1401 671 publico
1426 630 1651 661 instrumento
1676 630 1787 671 sigilla
1810 631 1852 660 de
1883 641 1920 661 so
1957 642 2016 671 pa-

1174 688 1267 714 tente
1292 682 1425 725 sigello.

1262 789 1336 822 267.
1362 807 1403 811 —
1427 788 1649 820 Simelmente
1674 789 1780 830 quelli
1798 788 1842 820 da
1860 789 2015 832 Vencon,

1174 842 1305 873 astricti
1337 842 1569 877 dall’assedio,
1601 841 1756 884 vecando
1782 842 1812 872 le
1840 854 2014 882 promesse

1175 896 1209 926 di
1234 895 1308 926 dusi
1333 901 1368 927 et
1402 895 1411 925 i
1445 894 1598 931 subsidii,
1630 895 1695 925 che
1728 895 1786 926 elli
1819 902 2015 936 aspectava,

1174 947 1281 979 andar
1310 959 1371 989 per
1403 948 1435 979 13
1466 948 1583 988 longa,
1616 947 1648 978 in
1681 954 1775 979 tucto
1808 950 2015 989 partandose

1175 1002 1267 1032 dalla
1292 1001 1326 1032 fe
1343 1008 1376 1032 et
1395 1001 1489 1032 dalla
1507 1000 1723 1035 obediencia.
1743 1003 1806 1033 che
1826 1002 1883 1033 elli
1905 1003 2017 1033 havea

1175 1055 1267 1086 facta
1292 1055 1322 1085 ai
1348 1055 1433 1092 dusi,
1458 1061 1553 1086 socto
1577 1062 1797 1096 sagramento
1816 1056 1859 1086 de
1884 1056 2016 1087 fedeltit

1174 1108 1383 1149 recognosse
1422 1108 1456 1139 la
1494 1108 1613 1150 ghiesa
1653 1107 1814 1150 d’Agolia
1854 1119 1916 1150 per
1958 1119 2016 1140 soa

1175 1161 1304 1194 madre.

1263 1259 1338 1289 268.
1362 1276 1403 1280 —
1428 1258 1480 1289 En
1510 1264 1631 1300 questo
1663 1264 1779 1300 tempo
1812 1259 1845 1290 lo
1874 1260 2016 1302 egregio

1176 1313 1278 1343 homo
1315 1310 1529 1353 Marquardo
1566 1312 1608 1342 de
1646 1311 1848 1354 Alemagzw,
1875 1313 1905 1343 el
1937 1313 2016 1354 qual

1174 1366 1278 1407 longo
1294 1371 1407 1405 tempo
1420 1365 1534 1407 inanci
1553 1375 1610 1396 era
1627 1371 1677 1395 sta
1694 1365 1830 1406 presule
1849 1366 1891 1397 de
1909 1366 2017 1397 Karlo

1175 1418 1380 1459 imperador,
1394 1419 1428 1450 fo
1444 1419 1570 1450 creado
1584 1418 1780 1459 patriarcha
1794 1419 1884 1449 dalla
1897 1418 2018 1459 ghiesa

1175 1472 1348 1515 d'Agolia‚
1373 1472 1404 1502 el
1429 1471 1508 1513 qual
1533 1482 1596 1512 per
1612 1471 1644 1502 la
1662 1481 1705 1502 no
1722 1471 1812 1502 bona
1829 1472 2016 1503 condicion

1176 1526 1268 1557 della
1294 1525 1410 1556 Patria
1434 1524 1492 1555 del
1517 1523 1624 1555 Frioli
1651 1534 1760 1555 venne
1793 1524 1826 1554 in
1859 1525 1890 1555 13
1922 1524 2015 1556 dicta

1175 1578 1301 1610 Patria.
1346 1578 1384 1609 In
1413 1578 1446 1609 lo
1477 1578 1558 1619 qual
1590 1578 1694 1620 luogo
1726 1589 1788 1620 per
1822 1579 1924 1610 messi
1959 1579 2015 1610 del

1175 1632 1357 1674 magnifico
1380 1632 1495 1673 signor
1516 1631 1637 1662 mesier
1654 1631 1853 1662 Francesco
1870 1632 1914 1662 da
1931 1632 2015 1663 Car-

1175 1697 1253 1716 rara
1284 1685 1351 1716 ello
1388 1685 1423 1716 fo
1455 1684 1761 1716 honorevolmente
1793 1684 1950 1723 visitacio,
1985 1685 2014 1715 si

1174 1739 1303 1780 perche
1329 1739 1396 1770 ello
1418 1749 1477 1769 era
1494 1743 1545 1768 sta
1563 1738 1698 1779 presule
1717 1738 1761 1769 de
1785 1738 2016 1778 l'imperador‚

1175 1792 1232 1824 del
1257 1792 1337 1833 qual
1368 1792 1397 1822 el
1430 1791 1548 1833 siguor
1581 1791 1702 1822 mesier
1730 1793 1924 1823 Francesco
1957 1802 2016 1822 era

1174 1844 1337 1883 otiatura,
1362 1845 1390 1876 si
1408 1856 1470 1886 per
1488 1846 1518 1876 la
1534 1846 1651 1882 union,
1675 1845 1710 1875 in
1729 1844 1759 1875 la
1778 1843 1857 1885 qual
1873 1843 1939 1875 ello
1957 1854 2015 1876 era

1173 1905 1343 1942 conconto
1368 1908 1434 1929 con
1459 1899 1492 1929 la
1515 1898 1634 1941 ghiesa
1659 1896 1830 1939 d'Agolia.

1262 2007 1335 2037 269.
1354 2023 1396 2028 ·-
1412 2005 1476 2036 Nel
1491 2005 1571 2046 qual
1586 2011 1710 2045 tempo,
1726 2003 1854 2045 perche
1868 2014 1926 2035 era
1943 2004 2014 2035 fini-

1176 2061 1221 2091 (lo
1238 2060 1270 2091 el
1288 2065 1441 2090 termene
1466 2058 1558 2090 della
1584 2058 1737 2089 fraterna
1754 2056 1858 2088 union
1883 2062 1917 2088 et
1934 2058 2014 2099 liga,

1175 2114 1238 2144 che
1265 2123 1326 2153 per
1343 2112 1467 2153 cinque
1484 2111 1563 2142 anni
1582 2121 1641 2142 era
1657 2117 1708 2141 sta
1726 2110 1816 2141 intro
1834 2110 1866 2141 el
1883 2111 2014 2152 magni-

1176 2167 1245 2197 fico
1269 2165 1387 2207 signor
1404 2165 1526 2195 mesier
1541 2164 1737 2194 Francesco
1755 2163 1798 2194 da
1816 2163 1964 2195 Carrara
1982 2170 2015 2194 et

1176 2219 1314 2254 Nicolo,
1338 2218 1515 2249 marchese
1537 2217 1579 2248 de
1597 2217 1667 2254 Est,
1684 2216 1693 2246 i
1713 2216 1860 2257 predicti
1885 2217 2012 2258 signori

1174 2273 1299 2303 mesier
1315 2271 1510 2302 Francesco
1535 2276 1569 2301 et
1595 2268 1718 2301 Nicolo
1738 2280 1773 2300 se
1793 2279 1970 2300 convenne
1996 2281 2015 2300 a

1177 2326 1392 2361 Lendenara,
1419 2330 1450 2354 et
1475 2324 1502 2354 si
1522 2323 1659 2354 habudo
1677 2323 1803 2353 inseme
1828 2322 2013 2364 colloquio,

1175 2380 1207 2410 la
1236 2380 1329 2410 dicta
1361 2379 1429 2421 liga
1455 2378 1491 2408 fo
1516 2377 1674 2407 fermada
1699 2386 1762 2416 per
1785 2375 1864 2406 altri
1888 2376 2013 2416 cinque

1175 2433 1255 2464 anni
1274 2433 1363 2463 intro
1388 2431 1419 2462 el
1444 2430 1538 2461 dicto
1557 2429 1741 2471 magnifico
1763 2428 1888 2459 mesier
1907 2428 2012 2459 Fran-

1175 2496 1277 2517 cesco
1295 2487 1338 2517 da
1355 2485 1503 2516 Carrara
1520 2491 1553 2515 et
1571 2484 1662 2515 intra
1686 2483 1696 2512 i
1721 2482 1849 2523 signori
1876 2482 2012 2522 Nicolo‚

1175 2540 1277 2581 Hugo
1310 2544 1343 2569 et
1370 2537 1513 2569 Alberto
1539 2536 1689 2573 fradelli,
1713 2535 1882 2567 marchesi
1906 2535 2012 2567 d’Est.

1262 2643 1336 2677 270.
1355 2660 1396 2665 —
1414 2643 1466 2673 Da
1483 2642 1536 2684 po’
1555 2641 1587 2672 el
1603 2641 1747 2682 parentii
1764 2646 1943 2672 contracto
1961 2646 2013 2672 tra

1174 2697 1295 2728 mesier
1308 2696 1532 2737 l'imperador
1545 2694 1600 2725 col
1611 2693 1693 2726 duse
1708 2693 1853 2725 Alberto
1867 2699 1900 2724 et
1915 2693 1978 2724 che
1992 2693 2013 2724 ’l

1174 2750 1266 2781 dicto
1292 2749 1491 2790 imperador
1516 2747 1639 2779 recev‘e
1665 2748 1675 2778 i
1695 2747 1770 2778 dusi
1786 2747 1829 2777 de
1853 2746 2013 2778 Ostorico

1173 2809 1270 2834 socto
1284 2812 1342 2833 soa
1355 2801 1568 2842 proteccion‚
1581 2800 1804 2841 Marquardo,
1817 2799 2014 2840 patriarcha

1174 2856 1347 2898 d’Agoffiz,
1363 2855 1394 2886 el
1418 2854 1497 2897 qual
1515 2866 1575 2886 era
1592 2860 1751 2886 creatura
1768 2853 1823 2884 del
1841 2852 1935 2884 dicto
1952 2852 2013 2882 im-
