2422 3684
379 2563 409 2579 10

381 2775 410 2799 15

783 223 955 259 GESTA
982 221 1287 258 MAGNIFICA
1315 222 1499 258 DOMUS
1529 220 1913 259 CARRARIENSIS

528 427 625 459 XIX.
648 444 693 450 —
713 426 857 459 Domini
878 425 1018 458 lacobus
1043 426 1205 464 Grandis,
1230 426 1445 472 Pet-enfamcs
1467 425 1538 456 sive
1562 426 1698 463 Petrus,
1722 425 1851 457 Petrus
1876 424 2003 465 Comes,
2019 427 2168 464 fratres.

515 509 567 540 29.
591 507 670 550 [67].
691 525 736 531 —
757 507 858 539 Anno
875 507 1012 538 Domini
1037 505 1345 539 MCGLXKXXH
1361 507 1422 538 filii
1447 507 1587 538 domino
1607 506 1771 546 Marsilio,
1800 506 1868 538 filio
1895 507 2025 539 domini
2043 506 2174 544 Iacobi‚
2190 517 2267 539 suc-

426 570 612 595 cesserunt.
658 562 702 593 Hi
725 562 788 593 viri
812 562 951 592 fuerunt
976 560 1135 592 liberales
1161 567 1195 592 et
1218 559 1402 602 magnifici,
1429 569 1531 600 opum
1556 560 1781 601 prepolentes
1805 560 1992 592 affluencia
2015 567 2049 592 et
2080 560 2267 593 amicorum

425 616 644 648 multitudine
667 622 701 647 et
725 616 895 656 potencia,
921 615 1054 646 cunctis
1071 612 1228 645 Marchie
1249 613 1467 655 magnatibus
1485 613 1650 654 prepositi
1665 611 1685 650 ¹,
1709 613 1754 644 ad
1778 613 1918 654 publica
1934 614 2117 646 commoda
2132 623 2267 655 semper
2287 646 2289 649 ,

426 670 626 706 innitentes,
650 668 868 711 magnanimi,
893 667 1065 698 factorum
1088 667 1287 708 ingencium
1312 675 1522 708 agressores,
1546 667 1589 697 de
1613 666 1755 697 civitate
1779 676 1848 697 non
1872 677 1971 698 secus
2003 677 2104 708 quam
2137 666 2269 698 domini
2316 666 2334 698 5

429 732 492 764 pro
516 722 613 753 libito
639 720 878 763 disponebant.
924 719 1004 757 Qui,
1029 720 1092 750 etsi
1117 719 1282 762 quosdam
1307 719 1439 751 emulos
1458 718 1645 755 habebant,
1670 719 1759 750 adeo
1784 725 1898 750 tamen
1924 726 2021 751 erant
2043 719 2155 762 patrie
2179 730 2272 751 ama-

428 781 520 807 tores
544 781 579 806 et
602 786 622 806 a
647 773 780 806 civibus
803 774 931 810 dilecti,
957 773 1060 816 quod,
1086 782 1163 804 cum
1188 773 1297 810 libuit,
1324 772 1530 813 impotentes
1555 772 1659 803 emuli
1677 772 1817 814 dignam
1842 773 1963 814 populi
1987 779 2166 805 senserunt
2181 772 2271 804 indi-

428 828 646 872 gnacionem.
691 827 821 859 Horum
846 827 1024 859 consilium
1050 836 1089 857 ac
1114 826 1304 858 subsidium
1329 825 1486 867 oppressi
1510 825 1606 857 cives
1629 835 1691 867 pro
1715 831 1812 857 scuto
1836 836 1975 867 semper
1997 825 2184 859 habebant.

519 920 571 950 ΞΟ.
595 918 675 959 [68].
693 935 734 940 —-
760 917 888 948 Horum
906 918 1008 948 trium
1026 916 1153 957 primus
1169 917 1306 959 genitus
1325 916 1482 947 dominus
1499 915 1645 948 Iacobus
1661 915 1805 958 grandis
1821 916 1865 947 de
1882 914 2067 947 Carraria²
2085 926 2163 948 cum
2181 915 2273 948 omni

429 971 558 1003 milicia
580 971 742 1013 paduana
766 970 864 1001 simul
887 975 922 1000 et
946 979 1023 1000 cum
1041 968 1180 1000 domino
1198 968 1355 1000 Poncino
1373 969 1416 1000 de
1434 968 1668 1001 Poncionibus
1686 969 1728 1000 de
1745 969 1930 1006 Cremona,
1947 968 2067 1000 Padue
2084 973 2269 1011 potestate,

430 1035 520 1057 anno
544 1025 683 1055 Domini
707 1022 952 1059 MCCCXIIII,
978 1022 1021 1054 de
1044 1032 1159 1053 mense
1190 1022 1407 1063 septembris,
1432 1021 1634 1054 Vicenciam
1660 1033 1761 1053 manu
1785 1027 1917 1053 armata
1939 1022 2119 1064 equitavit,
2143 1031 2211 1064 quo
2234 1021 2271 1053 in

429 1078 498 1110 diei
521 1088 643 1109 aurora
663 1077 918 1119 applicuerunt,
942 1085 1091 1117 moxque
1116 1080 1253 1116 captum
1271 1075 1418 1117 burgum
1436 1076 1544 1106 sancti
1563 1074 1654 1106 Petri
1672 1081 1779 1106 totum
1797 1074 1904 1115 prede
1921 1079 2164 1116 exposuerunt.
2210 1073 2273 1106 Set

430 1141 470 1163 eo
494 1131 549 1162 die
574 1136 650 1172 post
673 1129 822 1161 nonam³
847 1129 1094 1170 superveniens
1117 1127 1161 1159 de
1187 1127 1338 1166 Verona,
1362 1128 1521 1159 dominus
1545 1128 1650 1160 Canis
1674 1127 1754 1160 dela
1779 1127 1882 1159 Scala
1898 1128 2083 1160 Paduanos
2107 1126 2273 1165 conflixit,

430 1195 516 1227 quos
537 1183 670 1215 invenit
694 1182 889 1214 inordinate
913 1189 1104 1220 mammeti,
1129 1181 1325 1223 multosque
1350 1192 1393 1213 ex
1418 1182 1467 1212 eis
1493 1182 1529 1212 in
1556 1181 1727 1213 Vicencia
1751 1180 1908 1222 captivos
1932 1180 2062 1218 aduxit,
2078 1181 2168 1212 inter
2184 1190 2270 1223 quos

428 1238 480 1269 vir
510 1237 576 1269 fuit
600 1236 802 1279 magnificus
833 1235 990 1266 domiuus
1021 1234 1167 1266 Iacobus
1193 1235 1236 1265 de
1269 1234 1440 1265 Carraria.
1487 1234 1555 1266 Hic
1589 1234 1770 1275 captivus⁴
1801 1235 1979 1266 cuiusdam
2011 1235 2077 1266 fuit
2111 1235 2266 1277 agrestis,

429 1302 530 1334 quem
563 1291 644 1322 dum
668 1290 711 1320 ad
743 1299 778 1320 se
811 1288 1085 1319 discalciandum
1110 1288 1256 1318 arnesiis
1280 1287 1468 1325 invitasset,
1493 1298 1640 1329 cumque
1665 1288 1810 1329 agrestis
1837 1288 1924 1329 ipse,
1949 1289 2110 1330 quoniam
2135 1288 2273 1320 saucius

428 1350 515 1383 erat,
538 1342 734 1385 aliqualiter
756 1341 966 1378 colledisset,
991 1341 1082 1372 idem
1108 1341 1268 1372 dominus
1300 1340 1446 1371 Iacobus
1478 1347 1652 1383 agrestem
1682 1342 1794 1382 ipsum
1824 1341 2049 1384 increpitans,
2080 1342 2175 1384 quod
2198 1341 2272 1384 ipse

432 1398 635 1434 collederet‚
669 1395 797 1426 colafito
828 1394 1007 1435 percussit.
1054 1393 1192 1425 Deinde
1224 1402 1302 1434 post
1325 1393 1418 1424 idem
1451 1393 1611 1425 dominus
1644 1393 1814 1425 Iacobus⁵
1847 1405 1923 1426 cum
1949 1395 2074 1427 ceteris
2097 1394 2273 1427 Paduanis

431 1451 590 1482 libertate
616 1450 798 1484 donantur,
823 1447 1055 1488 subsequente
1078 1456 1178 1488 pace,
1203 1456 1270 1488 que
1295 1447 1394 1477 annis
1418 1456 1489 1478 non
1513 1446 1628 1478 multis
1645 1447 1856 1488 perduravit.

431 1503 532 1535 duani
559 1502 623 1533 sibi
646 1500 806 1532 libertate
831 1500 1011 1531 successit.

2298 969 2336 1000 lO

2295 1235 2332 1265 15

1903 1448 1961 1480 Sic
1986 1458 2049 1490 pro
2066 1449 2186 1491 populi
2209 1459 2274 1490 pa—

2297 1501 2339 1532 20

519 1593 571 1623 31.
595 1590 674 1633 [09J.
694 1608 734 1612 -
759 1589 844 1622 Item
869 1590 904 1620 in
928 1588 1107 1620 millesimo
1132 1587 1355 1626 CCCXVIII,
1380 1589 1423 1620 de
1449 1598 1566 1620 mense
1591 1589 1769 1630 februarii,
1794 1589 1975 1621 obsidente
2004 1590 2139 1622 domino
2171 1589 2268 1622 Cane

433 1647 607 1677 civitatem
632 1644 750 1675 Padue
775 1649 810 1674 et
833 1642 903 1673 eius
926 1643 1083 1673 exercitu
1107 1642 1204 1672 iuxta
1227 1648 1369 1682 pontem
1393 1643 1503 1674 sancti
1530 1642 1668 1674 Nicolai
1692 1643 1880 1674 constituto
1894 1641 1915 1679 ⁶,
1940 1653 2017 1674 cum
2041 1643 2136 1675 cives
2154 1653 2274 1674 omnes

432 1699 477 1730 ad
503 1698 678 1730 dominum
703 1696 879 1734 Iacobum,
903 1696 962 1737 qui
985 1702 1067 1726 natu
1091 1695 1201 1726 maior
1225 1702 1299 1726 erat
1312 1693 1334 1732 ⁷,
1358 1700 1532 1737 tamquam
1557 1695 1601 1726 ad
1624 1705 1719 1726 suam
1742 1706 1838 1737 spem
1862 1702 2111 1727 concurrerent
2123 1695 2146 1734 ⁸,
2170 1701 2215 1735 et,
2239 1686 2275 1726 in

434 1752 573 1784 dubiam
597 1749 764 1782 salutem⁹
789 1750 1023 1781 consultantes
1046 1748 1131 1790 quid
1154 1749 1189 1778 in
1214 1748 1414 1780 discrimine
1438 1754 1535 1780 tanto
1560 1748 1654 1779 foret
1677 1749 1861 1790 agendum,
1879 1749 1972 1779 idem
1989 1749 2194 1791 magnificus
2210 1749 2271 1780 do-

434 1805 544 1836 minus
567 1803 713 1836 Iacobus
737 1803 780 1834 de
805 1801 969 1834 Carraria
991 1802 1027 1834 in
1050 1801 1169 1833 maiori
1193 1801 1311 1832 Padue
1336 1800 1496 1842 [consilio
1522 1801 1691 1833 consuluit
1714 1801 1789 1833 fieri
1806 1801 1940 1843 pacem]
1956 1800 1996 1834 ¹⁰:
2015 1811 2135 1834 omnes
2154 1801 2274 1833 unani·
2299 1800 2339 1842 25

432 1859 532 1890 miter
556 1862 758 1894 annuerunt,
783 1857 933 1898 quodam
958 1854 1181 1886 Macharuffo
1205 1865 1283 1887 cum
1309 1855 1414 1886 certis
1436 1855 1506 1886 suis
1529 1854 1736 1897 sequacibus
1761 1861 1908 1896 excepto
1925 1855 1959 1887 ¹¹.
2006 1854 2115 1886 Huius
2132 1855 2277 1887 Macha-

433 1912 516 1944 ruffi
540 1917 678 1952 neptem
710 1910 852 1940 estensis
882 1908 1037 1939 marchio
1069 1909 1215 1939 duxerat
1246 1918 1407 1945 uxorem3
1441 1919 1483 1939 ex
1515 1917 1582 1950 quo
1614 1908 1650 1939 in
1681 1907 1876 1950 superbiam
1910 1908 2020 1940 elatus
2051 1908 2116 1940 sibi
2146 1908 2272 1940 civium

433 1965 577 2007 parabat
599 1964 774 2006 sequelam
791 1962 823 1993 ¹².
870 1962 942 2000 Set,
966 1962 1105 1993 iubente
1130 1962 1315 2004 magnifico
1340 1962 1479 1994 domino
1504 1960 1632 1993 Iacobo
1658 1961 1701 1992 de
1725 1961 1899 1998 Carraria,
1913 1961 2009 1993 idem
2032 1961 2274 1993 Macharuffus

433 2029 511 2051 cum
536 2028 659 2060 magna
682 2027 821 2048 suorum
846 2015 1067 2058 complicium
1090 2022 1188 2057 parte
1218 2016 1261 2046 de
1293 2015 1407 2057 patria
1439 2014 1623 2057 expellitur
1637 2013 1676 2046 ¹³:
1705 2014 1801 2046 multi
1831 2014 2018 2057 suspendio
2042 2015 2152 2056 puniti
2182 2002 2274 2052 sunt,

526 2131 567 2156 16.
584 2130 678 2163 quem]
697 2138 750 2162 que
769 2132 805 2153 J!

525 2213 532 2229 ¹
563 2215 631 2238 Vedi
659 2215 679 2237 il
707 2214 821 2237 ritratto
848 2213 933 2240 lis-ico,
960 2212 1065 2236 morale
1094 2219 1108 2235 e
1133 2212 1255 2244 politico
1288 2212 1315 2234 ‹li

435 2258 537 2289 Iacopo
552 2258 688 2280 tract-into
700 2256 745 2279 alal
760 2255 907 2284 >11:55er
930 2256 970 2277 De
987 2255 1084 2285 gestis,
1101 2254 1148 2283 XI,
1162 2263 1174 2285 4
1198 2255 1250 2283 ted.
1273 2253 1324 2277 ΡΛ-

435 2306 514 2327 υκιΝ,
536 2299 561 2321 ll
575 2298 730 2328 principato
750 2297 779 2319 di
801 2298 894 2326 lnccnpo
909 2297 942 2319 ‹laez
960 2297 1093 2324 Curram,
1107 2296 1231 2323 Danova,
1250 2297 1326 2327 1592,

436 2350 461 2373 p.
484 2347 514 2372 23
536 2349 591 2371 sg.;
611 2341 652 2363 eil.
669 2340 781 2370 Manis,
805 2341 878 2362 Sexta
898 2339 963 2362 fibri
982 2339 1078 2361 [aedili
1096 2339 1141 2361 ‹lel
1160 2338 1172 2349 ‘¹'
1186 2340 1228 2361 De
1238 2339 1327 2369 gestis

439 2385 450 2395 ‘⁸
462 2383 613 2406 italicorum
630 2384 690 2410 post
713 2381 855 2403 slent-imm
879 2380 952 2409 Vll„
975 2380 1005 2402 di
1020 2380 1054 2402 A.
1070 2380 1199 2407 Massam,
1213 2380 1241 2401 in
1260 2380 1285 2402 M
1296 2385 1326 2401 o-

438 2432 519 2447 num.
540 2423 633 2447 della
654 2422 674 2445 l<
686 2441 692 2446 .
712 2423 789 2453 Dcp.
813 2421 855 2444 Vc
867 2426 957 2449 ncta,
979 2429 997 2444 s.
1012 2421 1060 2450 111,
1077 2428 1101 2444 v,
1116 2427 1162 2449 111,
1177 2429 1203 2452 p.
1218 2429 1250 2451 43.
1266 2420 1327 2452 ὃς..)

526 2464 536 2480 ²
557 2466 702 2493 Mus-saro,
723 2466 766 2488 De
782 2464 878 2495 gestis,
901 2464 946 2494 Vl,
976 2471 987 2487 ι
1016 2463 1117 2494 (Mum,
1137 2464 1168 2491 X,
1189 2466 1236 2493 οὗ
1261 2464 1328 2495 sg.).

439 2509 483 2533 Cs.
503 2516 540 2532 υε
560 2508 728 2535 Comus-ns,
751 2507 889 2534 Chronica,
910 2506 931 2534 1,
954 2512 993 2537 ²3-

525 2549 534 2563 ³
564 2550 711 2579 MossATo,
742 2550 785 2572 De
812 2550 907 2579 gestis,
939 2549 986 2576 Vl,
1013 2555 1025 2571 2
1057 2548 1156 2579 (Mum,

439 2593 484 2617 Cf.
505 2592 639 2622 Cowrus„
665 2592 802 2621 Chronica,
822 2591 843 2621 1,
864 2598 905 2622 23.

525 2634 535 2650 ⁴
556 2635 663 2662 Questo
682 2635 811 2665 episodio
833 2641 890 2656 non
909 2632 923 2656 'e
950 2635 1101 2664 registrato
1122 2633 1167 2656 dal
1196 2632 1325 2656 Mussato

440 2677 474 2701 nc
494 2678 539 2701 dal
561 2678 688 2701 Cortusi.
725 2674 794 2698 Peri)
816 2683 850 2698 va
871 2676 991 2699 rilevata
1017 2676 1044 2699 lo.
1065 2675 1131 2698 lessi
1153 2676 1329 2698 niussntiana

442 2723 477 2752 (p.
497 2727 533 2743 cs.
555 2719 701 2746 Mussxro,
721 2719 764 2741 De
779 2718 876 2748 gestis,
899 2718 943 2746 VI,
960 2724 973 2740 2
989 2717 1087 2748 [Mun.,
1106 2717 1139 2746 X,
1161 2715 1239 2748 6511:
1253 2716 1265 2728 “’
1279 2723 1327 2739 nec

440 2764 521 2785 “non
542 2764 569 2785 ct
589 2760 822 2784 collidentes
846 2761 874 2782 in
895 2768 968 2788 sesag
993 2761 1067 2783 inter
1090 2760 1240 2782 saucios
1264 2766 1329 2790 cap-

442 2804 453 2816 “
467 2807 566 2835 tosque
587 2808 633 2827 etc.
644 2802 678 2834 η).

527 2846 538 2861 ⁵
563 2847 712 2873 Mussxro,
739 2846 780 2868 Dc
802 2845 898 2875 gestis,
927 2844 971 2873 Vl,
996 2852 1012 2876 9
1043 2844 1142 2875 (Mum,
1169 2842 1240 2875 653).

442 2890 574 2918 Cornus,
596 2889 733 2915 Chronica,
754 2888 773 2912 Ι,
794 2894 834 2919 33.

529 2935 540 2951 θ
555 2934 690 2961 comus,
706 2933 844 2959 Chronica,
862 2932 893 2958 II,
910 2938 935 2955 2:
950 2932 962 2944 ⁴¹
974 2933 1099 2954 exercitu
1114 2931 1226 2954 ‹loniini
1242 2930 1330 2954 Canis

444 2978 548 3010 “juxta
574 2979 689 3008 pontem
716 2975 805 2999 sam-ti
833 2974 947 2997 Nicolai
978 2975 1162 3003 constituto„
1188 2972 1235 3004 (cf.
1264 2971 1330 3005 pero

443 3021 590 3050 Mussn‘ro,
612 3020 656 3042 De
669 3019 766 3049 gestis,
787 3018 819 3046 X,
843 3024 852 3040 1
875 3015 927 3050 [cd.
949 3016 1070 3046 Panum,
1093 3023 1118 3047 p.
1138 3015 1197 3047 3¹l³
1220 3015 1331 3038 “Canis

1188 2547 1221 2577 X,
1254 2547 1328 2578 650).

1283 2842 1329 2867 Cf.

1374 2212 1581 2243 “idcn11›tide1n
1607 2218 1683 2234 secus
1710 2212 1824 2242 pontem
1852 2211 1942 2233 sancti
1971 2209 2086 2233 Nicolai
2117 2211 2269 2234 castrame-

1383 2255 1482 2278 “tatus
1501 2258 1551 2284 est,
1572 2261 1619 2286 per
1639 2253 1698 2277 dies
1718 2253 1847 2285 singulos
1873 2253 2023 2276 distinctis
2050 2253 2174 2277 act-iubat
2199 2259 2272 2276 coe-

1383 2297 1558 2328 “quitans
1590 2296 1688 2320 circa
1720 2293 1951 2327 suburbia„).

1470 2337 1479 2352 7
1508 2338 1656 2365 MUSSATO,
1684 2338 1726 2361 De
1752 2338 1849 2368 gestis,
1872 2336 1918 2365 IV,
1951 2344 1960 2360 1
1992 2336 2094 2369 (Mum,
2123 2336 2156 2365 X,
2188 2335 2270 2367 608):
2304 2338 2336 2364 25

1381 2382 1394 2394 ‘¹
1408 2382 1498 2405 lluius
1518 2382 1636 2414 majores
1656 2382 1725 2404 natu
1744 2380 1862 2404 Iacobus
1881 2381 1907 2402 el
1931 2378 2083 2402 chrtinus
2104 2382 2186 2409 «tan.

1469 2422 1480 2439 ¹³
1499 2423 1648 2451 Mussm-o,
1668 2423 1711 2446 De
1726 2422 1823 2453 gestis,
1850 2422 1883 2451 X,
1904 2430 1919 2452 4
1939 2421 1991 2452 (ed.
2017 2421 2143 2450 Panum,
2164 2428 2191 2452 p.
2212 2419 2272 2452 33):

1383 2465 1462 2490 “lIec
1484 2466 1641 2490 simultates
1661 2464 1763 2488 Iacobo
1789 2464 1822 2487 de
1850 2462 1991 2494 Carraria,
2019 2464 2067 2494 qui
2093 2464 2120 2487 et
2140 2462 2272 2494 prosapie

1384 2508 1456 2533 “sue
1475 2511 1502 2532 et
1522 2509 1598 2532 urbis
1618 2508 1710 2531 tocius
1731 2507 1813 2530 velud
1835 2506 1964 2529 columen
1985 2506 2140 2530 habebatur
2159 2508 2243 2536 etc-„-

1470 2549 1481 2566 ⁹
1495 2550 1640 2580 Mussmro,
1664 2550 1706 2572 De
1715 2549 1812 2580 gestis,
1828 2548 1875 2578 IV,
1893 2555 1901 2571 1
1919 2547 2018 2576 (Mum,
2034 2548 2066 2577 X,
2081 2545 2157 2580 609):
2174 2546 2274 2570 “Iaeo-
2303 2552 2339 2577 30

1384 2594 1458 2616 “bus
1484 2600 1550 2616 vero
1576 2594 1604 2616 et
1630 2591 1782 2615 Ubertinus
1809 2591 1916 2614 saniori
1943 2598 1995 2622 pro
2021 2590 2122 2614 urbis
2154 2589 2276 2614 salute

1384 2636 1396 2649 α
1408 2635 1531 2659 consilio
1550 2636 1661 2659 tentare
1672 2651 1698 2664 η.

1473 2676 1492 2692 ¹⁰
1512 2676 1646 2706 CORTUS.,
1670 2676 1809 2702 Chronica,
1829 2674 1863 2703 ΙΙ,
1887 2681 1909 2699 2.

1471 2718 1492 2734 Η
1511 2718 1645 2745 Οοκτυ5.,
1667 2717 1803 2744 Chronica,
1818 2717 1850 2746 ll,
1869 2723 1915 2740 21:
1938 2716 1949 2728 “
1962 2716 2151 2740 Macharuffus
2168 2715 2201 2739 de
2215 2714 2274 2739 Ma-

1386 2760 1537 2785 “charuffis
1563 2759 1810 2783 contradixit....
1856 2759 1984 2782 Firmato
2009 2758 2137 2782 consilio
2164 2757 2273 2781 domini
2304 2758 2337 2784 35

1384 2804 1512 2833 “Iacobi,
1533 2803 1610 2833 quasi
1633 2801 1764 2825 omnibus
1777 2801 1977 2831 annuentibus,
2000 2799 2193 2824 Macharuffus
2211 2806 2272 2822 cum

1385 2845 1397 2857 “
1410 2846 1468 2869 suis
1487 2844 1651 2875 sequacibus
1670 2845 1761 2867 totam
1775 2844 1923 2866 civitatem
1937 2843 2093 2866 commovit
2113 2841 2147 2865 ad
2161 2849 2237 2865 arma
2248 2857 2270 2871 η.

1471 2886 1492 2902 ¹²
1506 2886 1551 2910 Cf.
1567 2886 1714 2911 Mussmo.
1731 2886 1879 2916 Degxestis,
1894 2885 1928 2913 Χ,
1940 2892 1955 2915 4
1968 2884 2023 2916 (ed.
2041 2883 2168 2914 ΡΑυιιιΝ,
2183 2891 2210 2916 p.
2225 2890 2273 2914 33;

1385 2929 1426 2953 ed.
1442 2929 1552 2958 Mirum,
1566 2936 1591 2960 p.
1603 2926 1665 2958 37);
1679 2926 1727 2955 XI,
1739 2927 1754 2950 ὃ
1768 2927 1903 2957 (Panum,
1916 2933 1964 2957 103
1980 2933 2033 2957 sg.;
2048 2926 2159 2953 Mamm,
2171 2931 2202 2956 52
2216 2923 2275 2957 sg.).

1474 2969 1492 2985 ¹³
1506 2970 1551 2994 Cf.
1566 2970 1715 2999 Mussuo,
1729 2970 1773 2992 De
1785 2970 1879 3000 gestis,
1896 2969 1931 2999 X,
1946 2976 1961 2999 4
1977 2967 2031 3000 (ed.
2044 2968 2169 2996 Paulus,
2185 2975 2210 2999 p.
2225 2974 2275 2999 33;
2305 2971 2340 2996 40

1385 3014 1428 3037 cd.
1448 3012 1559 3042 Maum',
1582 3019 1607 3044 p.
1630 3015 1683 3044 37).
2114 3008 2117 3010 “
