2422 3684
855 218 1027 254 GESTA
1055 218 1361 255 MAGNIFICA
1390 219 1573 255 DOMUS
1603 220 1996 258 CARRARIENSIS

797 352 936 384 REDAz.
959 351 991 383 A

570 692 640 724 195.
665 710 708 715 —
731 692 796 723 Die
820 702 902 723 vero
931 690 1067 722 veneris
1095 699 1146 721 vn
1171 695 1319 731 septem-

477 745 557 783 bris,
583 746 816 777 serenissimus
842 744 1001 776 dominus
1024 744 1214 785 imperator
1240 753 1317 774 cum

477 798 719 839 suprascriptis
744 798 902 837 dominis,
929 797 971 828 de
996 796 1115 828 Padua
1137 797 1319 831 recedens,

476 863 594 883 versus
636 849 950 883 Montemsilicem¹
991 849 1170 892 equitavit,
1201 849 1319 891 ibique

477 904 637 945 hospitati
664 905 811 935 fuerunt.
858 904 921 934 Die
946 909 1058 934 autem
1083 902 1241 943 sequenti
1259 901 1321 933 do-

476 959 586 990 minus
610 959 795 989 Iacobinus
819 958 971 989 Paduam
989 966 1148 987 reversus
1165 962 1223 988 est.
1255 956 1321 986 Im-

476 1018 617 1053 perator
642 1012 724 1042 Este
751 1016 783 1042 et
807 1011 1075 1051 Montagnanam
1108 1009 1317 1051 transgredi·-

476 1070 540 1101 tur,
566 1075 675 1105 eoque
703 1064 757 1096 die
782 1069 917 1105 portum
948 1063 1103 1104 Legnagi
1128 1063 1320 1103 hospitatus

477 1124 538 1154 est,
562 1117 619 1149 ubi
645 1128 721 1149 cum
747 1118 815 1148 suis
837 1116 940 1148 Canis
963 1115 1106 1157 grandiS
1123 1115 1201 1147 dela
1217 1114 1320 1147 Scala

476 1172 587 1213 ipsum
612 1170 827 1211 expectabat.
875 1168 986 1206 Quem
1012 1179 1088 1199 curn
1113 1178 1243 1200 summo
1268 1180 1321 1200 re-

478 1224 570 1264 cepit
606 1224 746 1259 honore,
782 1229 814 1254 et
851 1222 1081 1263 postmodum,
1122 1221 1321 1252 novembris

478 1278 534 1309 die
558 1288 660 1313 nono,
683 1277 857 1307 Mantuam
884 1276 1035 1306 intravit.
1077 1273 1139 1305 Cui
1166 1284 1242 1305 cum
1274 1274 1322 1305 le-

478 1331 558 1361 ticia
583 1337 615 1361 et
639 1331 771 1361 honore
789 1329 1001 1371 permaximo
1020 1328 1149 1359 domini
1168 1328 1210 1359 de
1229 1327 1322 1360 Gon-

478 1395 574 1426 caga,
600 1384 711 1415 clerus
734 1384 913 1414 universus
939 1388 971 1413 et
996 1387 1141 1413 cunctus
1173 1382 1321 1414 civitatis

477 1439 624 1479 populus
647 1438 810 1469 occurrit.

570 1546 640 1576 196.
666 1562 706 1567 —
733 1543 964 1585 Subsequenti
990 1553 1072 1574 vero
1091 1553 1193 1579 anno,
1211 1542 1323 1574 silicet

477 1597 683 1632 MCCCLV.
709 1598 764 1629 die
788 1597 907 1629 ultimo
933 1596 1140 1633 decembris,
1166 1608 1244 1628 cum
1262 1597 1323 1628 do-

477 1652 589 1682 minus
611 1652 800 1692 imperator
823 1661 940 1681 versus
964 1649 1207 1681 Lombardiam
1222 1650 1232 1666 ²
1260 1661 1323 1691 per

477 1705 565 1736 viam
592 1704 789 1736 Marcharie
814 1715 909 1735 suum
937 1704 1069 1735 faceret
1092 1703 1168 1740 iter,
1184 1703 1322 1745 iamque

478 1756 654 1787 transisset
678 1755 802 1785 flumen
828 1755 895 1785 Olii
922 1753 1016 1785 iuxta
1037 1754 1320 1786 Cremonensium

479 1809 646 1841 confinia.
678 1808 825 1839 connixu
858 1809 962 1839 humo
998 1808 1089 1846 nive,
1124 1808 1168 1838 ad
1203 1813 1322 1848 operta

479 1862 674 1904 patentibus
699 1862 826 1893 dilatus
846 1862 882 1891 in
899 1861 1001 1901 agris,
1019 1861 1245 1902 magnificum
1264 1861 1324 1893 do-

479 1916 606 1947 minum
642 1915 877 1952 Franciscum,
912 1915 968 1956 qui
1005 1924 1121 1946 secum
1162 1915 1323 1946 continuo

479 1980 555 2000 cum
582 1969 727 2000 maxima
751 1975 785 2000 et
801 1974 997 2009 sumptuosa
1016 1968 1128 1999 fuerat
1145 1967 1323 2004 comitiva,

479 2023 512 2053 in
547 2032 635 2063 equo
667 2022 792 2053 sedens
823 2022 963 2052 militem
997 2021 1126 2058 statuit,
1154 2021 1264 2052 eciam
1290 2020 1323 2051 in

479 2087 566 2118 equo
584 2076 772 2112 sedentem,
790 2086 893 2115 super
910 2075 1000 2106 collo
1017 2074 1129 2115 ipsum
1148 2084 1224 2105 cum
1243 2085 1323 2105 ense

480 2129 696 2171 percuciens,
716 2139 804 2160 voce
821 2128 879 2159 illa
897 2129 1055 2159 adiecta:
1087 2129 1100 2144 ‘⁴
1115 2128 1140 2164 1,
1159 2134 1193 2158 et
1209 2128 1251 2158 de
1269 2138 1325 2158 ce·-

484 2185 497 2200 “
513 2188 586 2214 tero
604 2182 732 2223 probus
750 2182 794 2213 sis
812 2182 910 2213 miles
928 2181 1144 2223 imperioque
1162 2180 1281 2212 fidelis
1293 2205 1323 2219 ,‚.

480 2236 670 2276 Statimque
686 2236 863 2277 magnifici
879 2236 947 2266 duo
961 2234 1104 2266 comites
1116 2234 1323 2266 Theotonici

479 2290 522 2320 de
547 2289 645 2331 equis
670 2289 928 2320 descendentes
953 2287 1064 2318 eidem
1089 2287 1191 2319 stanti
1216 2286 1323 2330 equiti

480 2342 630 2374 calcaria
654 2348 849 2383 posuerunt.
890 2340 1026 2378 Quibus
1043 2341 1243 2382 magnificus
1259 2340 1323 2372 tiro

479 2393 663 2433 stren[u]us
687 2393 845 2424 dominus
862 2393 1072 2424 Franciscus
1096 2393 1139 2423 de
1163 2391 1324 2423 Carraria

480 2446 672 2477 dextrarios
704 2456 809 2488 equos
841 2451 874 2477 et
906 2445 971 2476 alia
1006 2445 1197 2486 pulcerima
1232 2444 1323 2475 dona

480 2498 622 2539 largitus
645 2504 704 2529 est.
746 2498 897 2539 Postque
924 2497 1037 2529 statim
1056 2507 1170 2529 coram
1185 2497 1324 2528 domino

480 2552 688 2591 imperatore
713 2551 916 2591 magnificus
939 2551 1013 2591 ipse
1038 2550 1195 2581 dominus
1214 2548 1322 2580 Fran-

481 2605 592 2635 ciscus
617 2605 659 2634 de
685 2603 753 2634 suis
770 2603 902 2635 civibus
920 2604 981 2635 hos
998 2603 1123 2634 milites
1140 2602 1322 2642 ordinavit,

480 2654 591 2685 silicet
608 2653 792 2685 Patharum
811 2654 852 2685 de
871 2653 1150 2695 Βιιςςειεὴατῐῐιὶε,
1174 2652 1324 2684 Lodovi-

480 2717 557 2738 cum
584 2707 739 2743 Forzate,
764 2707 836 2737 eius
852 2707 1070 2742 avunculum,
1092 2706 1262 2750 Caninum
1282 2707 1323 2737 de

480 2761 625 2801 Peraga,
651 2760 847 2791 Gnidonem
878 2762 921 2791 de
953 2761 1177 2796 Castronovo‚
1202 2759 1324 2801 Ugoli-

480 2821 559 2841 num
584 2810 825 2851 Scrovignum,
850 2810 1041 2841 Gerardum
1074 2811 1117 2841 de
1142 2810 1259 2852 Nigris
1289 2816 1323 2841 et

482 2863 694 2907 Cambonum
719 2863 761 2894 de
788 2863 920 2895 Doctis.
966 2864 1049 2895 Post
1080 2873 1163 2895 vero
1195 2863 1322 2905 gaudio

571 2981 577 2997 ¹
598 2983 731 3014 CORTUS.‚
755 2985 891 3015 Chrovica,
913 2983 958 3012 XI,
980 2991 1002 3009 2.

1387 901 1424 932 10

1388 1166 1422 1198 15

1385 1433 1425 1464 20

1385 1751 1425 1783 25

1386 2018 1427 2048 30

1387 2282 1426 2315 35

1387 2547 1426 2578 45

1386 2811 1427 2841 40

1793 357 1935 390 REnAz.
1959 357 1996 390 D

1476 428 1608 460 honore
1631 428 1674 461 de
1706 428 1904 461 chavalaria
1929 429 1961 461 el
1985 429 2169 472 magnifico
2193 429 2317 462 mesier

1475 479 1627 512 Iacomin
1659 480 1704 512 da
1734 480 1894 518 Can-ara,
1917 480 1951 511 in
1982 480 2122 522 legreca
2152 480 2207 513 del
2236 481 2316 523 qual

1476 533 1606 565 honore
1630 533 1641 564 i
1664 533 1807 574 preditti
1838 533 2011 576 magnifici
2041 533 2173 576 signori
2206 545 2317 566 meser

1478 585 1628 619 Iacomin
1653 592 1687 619 et
1710 587 1906 620 Francesco
1931 587 2014 618 feno
2039 587 2082 619 de
2105 587 2201 618 molti
2226 588 2316 619 doni.

1569 693 1640 724 195.
1665 711 1703 716 —-
1722 693 1753 724 A
1771 694 1804 725 di
1819 700 1916 735 septe
1935 694 1990 735 poi
2007 693 2052 725 de
2075 692 2262 725 novembre
2286 693 2317 726 el

1477 746 1694 778 serenissimo
1711 747 1911 788 imperador
1927 747 2191 788 acompagnado
2215 747 2249 778 di
2265 757 2320 779 so-

1477 800 1662 841 vrascripti
1672 801 1845 843 magnifici
1857 801 1985 843 signori
1998 810 2111 831 meser
2120 800 2275 832 lacomin
2285 807 2320 833 et

1479 854 1675 885 Francesco
1693 855 1737 885 da
1753 854 1913 891 Carrara,
1937 864 1973 885 se
1998 853 2088 894 parti
2106 854 2148 885 de
2166 853 2260 885 Pava
2285 860 2319 886 et

1479 906 1647 938 cavalcho
1657 907 1886 939 aMoncelese
1900 903 1964 938 etli
1977 907 2088 939 dormi
2102 907 2215 949 quella
2226 913 2317 940 note.

1479 960 1520 992 El
1538 960 1570 991 (11
1583 960 1641 1001 poi
1654 966 1820 1001 sequente
1835 961 1958 992 mesier
1971 960 2123 992 Iacomin
2137 960 2164 991 si
2179 961 2318 993 retorno

1479 1025 1499 1045 a
1511 1013 1615 1045 Pava.
1641 1012 1883 1055 L’imperador
1895 1014 1974 1056 quel
1992 1013 2084 1045 dicto
2098 1013 2132 1045 (11
2146 1014 2245 1055 passo
2259 1014 2321 1046 Est

1481 1073 1514 1098 et
1538 1067 1786 1108 Montagnana,
1803 1072 1837 1098 et
1860 1067 1891 1098 el
1915 1067 2098 1107 magnifico
2122 1067 2318 1100 Francesco

1479 1120 1523 1151 da
1541 1120 1689 1152 carrara
1712 1130 1846 1160 sempre
1874 1130 1938 1151 con
1963 1120 2020 1155 lui,
2039 1126 2072 1152 et
2095 1120 2186 1152 ando
2204 1121 2248 1152 ad
2272 1121 2320 1151 al-

1480 1173 1588 1215 bex-go
1605 1184 1624 1204 a
1640 1173 1745 1205 Porto
1761 1173 1934 1214 Lignago,
1947 1173 1980 1204 in
1995 1174 2027 1205 lo
2041 1173 2121 1215 qual
2134 1173 2236 1216 luogo
2251 1185 2321 1205 me-

1480 1237 1534 1258 ser
1561 1225 1634 1257 Can
1658 1227 1790 1268 grande
1813 1220 1905 1258 dalla
1931 1227 2034 1259 Scala
2059 1237 2124 1259 con
2148 1227 2244 1259 molti
2268 1227 2319 1259 soi

1480 1280 1700 1321 l’aspectava‚
1717 1285 1752 1311 et
1769 1280 1885 1321 quello
1901 1280 2027 1312 receve
2042 1291 2107 1312 con
2132 1280 2320 1323 grandissi-

1481 1343 1535 1365 mo
1559 1333 1700 1364 honore.
1747 1332 1821 1369 Po',
1845 1345 1864 1365 a
1888 1333 1923 1364 (11
1946 1344 2034 1365 nove
2060 1334 2103 1365 de
2121 1333 2320 1371 novembre,

1481 1386 1570 1418 intro
1587 1386 1619 1417 in
1637 1386 1777 1418 Mantoa
1798 1387 1829 1418 al
1847 1387 1927 1427 qual
1944 1397 2056 1419 venne
2074 1387 2233 1419 incontro
2250 1387 2260 1418 i
2277 1387 2321 1419 si-

1480 1439 1580 1482 gnori
1597 1440 1641 1472 da
1659 1439 1825 1483 Goncaga
1841 1445 1928 1472 tutta
1942 1440 1974 1471 la
1992 1440 2148 1477 cleresia,
2165 1440 2194 1472 el
2213 1451 2321 1482 povo-

1480 1493 1512 1524 lo
1527 1492 1604 1524 dela
1621 1492 1690 1524 cita
1706 1503 1772 1524 con
1789 1493 1921 1535 grande
1934 1493 2110 1535 allegreca
2128 1499 2161 1525 et
2178 1494 2320 1526 honore.

1573 1590 1643 1622 196.
1665 1609 1709 1614 -—
1731 1591 1773 1622 El
1796 1596 1962 1633 seguente
1986 1601 2077 1622 anno
2101 1591 2158 1632 poi
2174 1593 2210 1622 in
2226 1591 2320 1623 mille

1481 1649 1632 1675 tresento
1657 1642 1984 1686 cinquantacinque,
2008 1655 2027 1675 a
2060 1644 2093 1675 (11
2125 1644 2243 1676 ultimo
2262 1645 2320 1677 ,de

1482 1696 1677 1732 decembre.
1712 1697 1857 1729 fasando
1880 1696 2106 1738 l’imperador
2144 1697 2175 1729 el
2208 1697 2320 1729 camin

1481 1761 1519 1782 so
1543 1749 1577 1780 in
1600 1749 1811 1781 Lombardia
1836 1759 1898 1790 per
1921 1750 1954 1781 la
1978 1751 2032 1782 via
2051 1751 2093 1782 de
2110 1750 2320 1789 Marcharia,

1483 1809 1516 1835 et
1549 1802 1725 1834 habiando
1761 1802 1801 1845 ςὲι
1836 1803 1984 1844 passado
2021 1803 2051 1833 el
2087 1804 2188 1836 fiume
2219 1803 2320 1836 d’Oio

1482 1865 1620 1897 apresso
1656 1856 1689 1886 le
1721 1856 1864 1887 confine
1894 1855 1937 1887 de
1969 1856 2153 1893 Cremona,
2184 1857 2253 1889 ello
2284 1866 2321 1889 se

1482 1915 1636 1941 tretenne
1661 1909 1716 1940 nei
1740 1908 1851 1950 campi
1876 1909 1994 1945 averti,
2021 1909 2144 1941 siando
2176 1909 2209 1942 la
2231 1915 2323 1942 terra

1482 1969 1569 1994 tutta
1586 1967 1728 1994 coverta
1745 1962 1787 1994 de
1804 1973 1903 2000 neve,
1921 1968 1955 1994 et
1970 1962 2005 2001 li,
2023 1963 2187 1995 ferrando
2203 1964 2235 1995 el
2251 1975 2322 1995 rna-

1481 2015 1614 2057 gnifico
1638 2015 1764 2046 mesier
1787 2016 1981 2047 Francesco
2006 2015 2050 2047 da
2077 2015 2226 2048 Carrara
2256 2027 2322 2050 con

1481 2068 1513 2100 la
1538 2068 1646 2109 spada
1669 2068 1721 2099 sul
1738 2068 1838 2105 collo,
1853 2067 2015 2100 stasando
2039 2068 2131 2100 l'uno
2153 2076 2186 2101 et
2210 2069 2322 2103 l’altro

1482 2133 1546 2164 pur
1570 2132 1589 2152 a
1613 2121 1758 2159 cavallo,
1782 2120 1809 2152 sl
1833 2121 1865 2152 lo
1891 2121 2003 2153 adobo
2029 2123 2071 2154 de
2096 2122 2251 2154 l’ordene
2279 2123 2322 2155 de

1483 2175 1689 2212 cha-valaris,
1711 2176 1844 2207 usando
1869 2180 1987 2217 queste
2004 2176 2144 2217 parole:
2172 2177 2264 2215 “Va,
2289 2182 2324 2209 et

1487 2229 1559 2260 “da
1582 2227 1649 2259 mo’
1680 2228 1796 2270 inanci
1820 2228 1860 2271 sij
1887 2228 2025 2260 valente
2061 2229 2258 2262 chavaliero
2290 2236 2324 2263 et

1484 2280 1499 2298 “
1515 2281 1632 2312 fedele
1658 2292 1677 2312 a
1701 2280 1912 2322 l'imperio„.
1960 2282 1996 2313 ln
2022 2283 2055 2314 lo
2073 2282 2152 2324 qual
2176 2282 2323 2315 instante

1481 2333 1592 2365 subito
1629 2335 1674 2365 du
1705 2333 1882 2375 magnifici
1915 2335 2008 2365 conti
2044 2334 2229 2367 Alemanni
2265 2336 2324 2368 de-

1483 2386 1616 2418 smonto
1631 2387 1674 2418 da
1688 2387 1820 2418 cavallo
1838 2393 1871 2418 et
1889 2387 1986 2429 caleb
2002 2387 2011 2418 i
2026 2389 2165 2429 speroni
2183 2389 2215 2419 al
2229 2389 2324 2421 dicto

1482 2439 1670 2482 magnifico
1694 2440 1819 2470 mesier
1836 2440 2044 2477 Francesoe,
2069 2452 2134 2482 pur
2156 2442 2323 2483 stagando

1482 2504 1502 2524 a
1526 2491 1693 2524 chavallo.
1731 2492 1774 2524 Αἰ
1793 2492 1884 2533 quali
1905 2493 1948 2523 du
1968 2493 2058 2525 conti
2077 2494 2106 2525 el
2124 2494 2322 2526 chavaliero

1481 2544 1619 2577 novello
1635 2545 1760 2576 mesier
1776 2545 1973 2577 Francesco
1998 2547 2042 2577 da
2066 2547 2214 2578 Carrara
2230 2547 2324 2579 dono

1483 2597 1647 2628 dextrieri
1672 2604 1706 2629 et
1730 2598 1855 2629 cavalli
1879 2604 1912 2629 et
1935 2599 2012 2630 altri
2036 2600 2118 2631 belli
2140 2599 2232 2632 doni.
2279 2600 2324 2632 Et

1482 2650 1721 2681 incontinente
1745 2651 1848 2691 nanci
1873 2651 1928 2681 del
1947 2651 2033 2683 (litto
2050 2653 2176 2684 mesier
2190 2652 2322 2694 l'impe-

1481 2703 1606 2733 radore
1624 2702 1655 2733 el
1672 2703 1861 2744 magnifico
1878 2704 2002 2735 mesier
2020 2705 2213 2736 Francesco
2237 2705 2322 2736 orno

1484 2757 1579 2787 diso
1603 2756 1745 2788 citadini
1778 2757 1822 2787 da
1852 2755 1947 2787 Pava
1978 2757 1987 2787 i
2024 2758 2247 2799 enfrascripti
2278 2758 2321 2790 de

1482 2809 1603 2840 ordine
1627 2809 1670 2839 de
1696 2809 1878 2849 cavalaria,
1904 2809 1945 2851 ςὸ
1970 2809 2120 2842 Patharo
2145 2810 2179 2842 di
2212 2809 2322 2853 Buca-

1447 2854 1450 2903 Ι
1485 2862 1629 2899 charini,
1656 2861 1771 2904 Loyse
1805 2861 1965 2904 Forcate,
1997 2873 2034 2895 so
2063 2863 2181 2900 barba,
2211 2863 2320 2896 Zanin

1520 2980 1531 2997 ²³
1555 2982 1689 3010 CORTUS.,
1712 2983 1848 3011 Chronica,
1870 2983 1918 3013 XI,
1937 2989 1959 3006 2.
