2422 3684
508 268 680 305 GESTA
709 267 1014 304 MAGNIFICA
1043 266 1229 302 DOMUS
1259 265 1650 302 CARRARIENSIS

473 402 614 433 REDAZ.
639 401 668 430 A

153 485 232 507 mox
262 475 377 507 redam
412 471 582 515 quandam
616 471 821 508 ascendens,
845 471 992 503 mirabili

153 527 256 558 modo
281 532 314 557 et
339 531 410 557 arte
434 526 610 562 decoram,
635 525 692 556 die
716 524 775 554 illa
798 523 994 566 Altumpas-

152 591 223 611 sum
247 579 464 620 hospitatura
487 577 659 620 pervenit,
683 583 716 608 et
748 576 804 608 die
835 577 993 618 sequenti

153 633 186 664 in
219 632 375 674 hospicio
406 631 623 667 CitadeHam‚
649 636 682 661 et
707 630 753 661 ita
784 629 995 661 continuatis

152 685 255 718 dietis
271 695 334 727 per
350 684 566 727 Forumjulii,
581 683 636 714 ubi
656 683 794 714 honoris
809 683 992 724 plurimum

152 738 216 770 sibi
241 744 276 770 et
297 738 366 769 suiS
391 737 583 769 exhibitum
608 743 670 773 est,
694 736 891 767 Villachum
911 747 993 767 con-

152 792 258 823 ducta
283 797 344 829 est,
366 791 425 822 ubi
457 791 639 823 comitibus
670 790 753 831 ipsis
786 790 910 821 tradita
943 796 995 822 est

152 845 390 876 conducenda.
417 844 525 875 Huius
543 850 655 875 autem
669 843 809 875 domine
825 842 994 885 guberna-

151 904 204 930 tor
238 908 348 940 usque
383 898 417 929 in
453 896 641 928 Saxoniam
680 897 732 927 vir
767 897 832 927 fuit
868 896 994 928 nobilis

151 951 336 984 Checchus
360 952 402 982 de
427 950 557 989 Leone,
583 951 625 982 de
651 949 747 981 cuius
772 949 942 990 probitate
961 957 994 981 et

150 1004 383 1036 sollicitudine
402 1005 476 1045 ipse
494 1004 701 1046 magnificus
718 1003 878 1034 dominus
894 1003 991 1034 indu-

150 1058 253 1095 biam,
271 1067 372 1098 quam
389 1056 552 1094 debebat,
569 1057 712 1098 gerebat
730 1057 841 1088 fidem.
879 1057 993 1094 Quam

150 1110 338 1153 magnifice
362 1115 476 1141 autem
503 1110 642 1141 ducissa
666 1110 739 1150 ipsa
764 1120 827 1150 per
856 1109 993 1141 Austrie

150 1164 256 1195 duces
277 1164 312 1194 in
328 1163 502 1194 veniendo
517 1163 582 1194 sibi
600 1163 736 1194 obviam
756 1173 831 1193 cum
850 1163 992 1194 militum

150 1217 311 1248 comitiva
334 1222 432 1247 extra
457 1216 627 1248 Viennam
654 1227 716 1257 per
741 1217 835 1259 longi
866 1223 995 1249 tractus

149 1270 303 1311 spacium
330 1270 489 1310 intraque
513 1269 622 1310 ipsam
651 1269 887 1311 suscipiendo,
918 1281 992 1301 eam

149 1333 225 1354 curn
270 1322 414 1354 ducissis
455 1322 673 1353 consortibus
712 1323 780 1353 suis
823 1323 993 1354 visitando

149 1385 334 1417 menseque
361 1374 578 1412 collocando,
603 1375 638 1405 in
662 1375 821 1416 tripudiis
853 1382 886 1407 et
917 1376 993 1407 aliis

150 1427 416 1460 delectabilibus
431 1428 534 1459 fuerit
550 1428 730 1466 honorata,
748 1429 887 1471 longum
907 1436 994 1461 esset

150 1493 323 1514 enarrare.

238 1589 311 1622 272.
338 1606 377 1611 -
403 1589 456 1619 De
481 1598 598 1620 mense
624 1594 737 1620 autem
762 1590 891 1626 marcii,
911 1600 991 1621 can-

150 1642 309 1674 cellarius
333 1641 568 1684 aquilegensis
600 1642 810 1683 patriarche,
834 1643 893 1684 qui
918 1649 993 1684 post

149 1695 297 1726 reditum
333 1695 530 1736 patriarche
562 1693 668 1735 ipsius
703 1695 745 1727 ab
781 1695 991 1736 imperatore

149 1748 280 1780 Karolo
311 1748 346 1779 in
377 1747 529 1779 Patriam
564 1758 657 1778 suam
695 1748 851 1791 Forijulii
886 1759 992 1790 penes

147 1803 258 1844 ipsum
282 1807 497 1832 remanserat
527 1802 781 1842 imperatorem,
808 1801 854 1833 uti
880 1802 991 1843 impe-

148 1855 242 1886 rialis
265 1855 410 1887 nuncius
435 1855 587 1886 Paduam
620 1856 664 1886 ad
695 1856 806 1896 ipsum
831 1856 991 1898 magnifi-

149 1919 225 1940 cum
243 1908 430 1944 dominum,
447 1908 679 1939 marchionem
695 1914 864 1940 estensem
883 1909 992 1940 domi-

148 1971 278 2003 nosque
303 1967 506 1992 mantuanos
530 1968 563 1993 et
576 1961 825 1993 Vicecomitem
848 1962 989 1994 Galeam

148 2015 268 2046 missus
292 2020 352 2052 est,
377 2015 572 2056 quesiturus
600 2016 734 2057 qualem
759 2015 793 2046 in
822 2015 990 2046 descensu

148 2068 253 2108 ipsius
270 2067 400 2099 domini
417 2068 634 2108 imperatoris
651 2069 695 2099 ad
708 2068 861 2099 italicum
880 2068 989 2099 solum

147 2120 297 2152 habeant
321 2121 567 2161 intencionem,
593 2120 721 2163 quidve
754 2122 822 2153 sint
853 2123 989 2153 facturi.

147 2173 203 2206 Ad
220 2183 320 2215 quern
339 2174 556 2217 magnificum
574 2175 749 2206 dominum
766 2175 988 2206 Franciscum

145 2238 184 2258 ea
210 2233 413 2268 tempestate
438 2234 644 2267 pervenerat
668 2228 719 2259 vir
742 2228 908 2269 providus
936 2228 989 2259 Ιο-

146 2281 278 2311 hannes
301 2280 344 2311 de
371 2280 480 2316 Senis,
494 2281 686 2312 sabinensis
710 2281 811 2323 legati
841 2288 990 2313 secreta-

146 2334 226 2370 rius,
259 2343 336 2364 cum
374 2334 493 2365 summi
526 2335 699 2375 pontilicis
739 2335 911 2377 legatione
944 2336 988 2366 ad

146 2387 348 2418 descensum
372 2387 478 2428 ipsius
501 2387 621 2419 Karoli
653 2389 688 2418 in
714 2388 845 2419 Italiam
879 2395 987 2420 matu-

145 2440 303 2470 randum.
327 2440 399 2471 Sub
419 2440 522 2481 'simili
539 2447 573 2472 et
591 2441 693 2471 etiam
719 2441 889 2472 oracionis
906 2452 987 2472 con-

146 2497 240 2523 textu
265 2492 448 2533 episcopus
472 2494 652 2530 vaciensis,
676 2495 772 2536 regie
798 2495 989 2525 maiestatis

145 2545 320 2587 Hungarie
349 2546 492 2587 legatus,
532 2547 575 2577 ad
618 2547 727 2588 ipsum
767 2547 986 2588 magnificum

144 2598 319 2629 dominum
339 2598 484 2630 nuncius
508 2600 603 2642 regia
628 2605 724 2640 parte
752 2600 853 2635 venit,
876 2610 987 2631 roma-

143 2661 222 2681 nam
245 2650 369 2682 deinde
394 2651 437 2682 ad
470 2652 599 2683 curiam
625 2653 856 2693 profecturus.

232 2757 308 2790 273.
331 2775 375 2780 —
397 2757 448 2788 De
473 2769 588 2789 mense
612 2769 694 2790 vero
719 2760 849 2802 augusti
874 2760 988 2790 multis

144 2820 204 2851 per
226 2810 372 2842 nuncios
385 2812 465 2842 hinc
482 2811 563 2843 inde
581 2812 728 2853 agitatis,
746 2813 882 2844 tandem
908 2823 986 2854 per-

146 2863 238 2894 fecta
269 2868 320 2895 est
350 2865 431 2895 unio
463 2865 553 2896 inter
584 2875 750 2896 summum
787 2866 987 2907 pontificem

144 2914 323 2946 Urbanum
347 2917 514 2959 quintum,
542 2918 785 2959 imperatorem
819 2919 986 2950 Kal-olum

233 3039 276 3065 42.
298 3034 370 3057 Post.
390 3033 628 3058 ‹lell'anm711aeense2
649 3035 701 3058 llic
723 3043 779 3058 non
801 3037 867 3059 sunt
888 3035 951 3061 alia.

1063 898 1099 928 10

1058 1434 1098 1464 20

1057 1758 1096 1789 25

1054 2023 1096 2054 30

1052 2286 1092 2318 35

1054 2554 1093 2583 40

1052 2869 1090 2898 45

1480 399 1622 431 REDAZ.
1648 401 1678 431 I)

1154 471 1237 503 rada
1260 471 1303 502 ad
1322 475 1394 502 arte
1419 470 1644 509 meraveimo,
1669 478 1703 503 et
1727 483 1837 504 venne
1862 473 1940 515 quel
1965 472 2000 504 (11

1154 524 1197 554 ad
1232 524 1375 565 albergo
1411 523 1455 555 ad
1490 523 1674 564 Altopasso
1707 532 1739 556 et
1771 525 1881 557 l’altro
1915 527 1949 558 di
1981 538 2000 558 a

1155 577 1298 617 Citaela,
1325 583 1358 608 et
1384 577 1620 608 continuando
1649 577 1679 609 16
1713 589 1749 610 so
1784 580 1934 621 cornade
1967 586 2001 611 et

1154 631 1326 672 passando
1351 641 1413 671 per
1438 630 1470 662 lo
1496 631 1613 671 Frioli,
1645 631 1674 662 0'
1705 633 1769 662 che
1806 633 1871 663 alla
1907 633 2000 665 dicta

1155 684 1271 714 donna
1289 688 1322 714 et
1338 684 1369 713 ai
1387 694 1424 714 so
1442 683 1479 714 fo
1494 683 1588 715 facto
1606 684 1711 715 molto
1726 685 1846 721 honor,
1863 686 1930 716 alla
1948 686 1998 716 fin

1155 746 1266 767 venne
1286 747 1304 766 a
1330 735 1484 768 Vilacho
1509 743 1542 768 et
1566 737 1587 767 li
1614 737 1650 768 fo
1675 737 1765 768 dada
1790 738 1820 768 ai
1838 739 1930 770 conti
1948 749 2000 770 so-

1154 789 1302 821 vradicti
1320 789 1354 820 in
1368 799 1427 820 soa
1444 791 1628 822 conducta.
1663 791 1891 823 Governador
1907 792 1999 824 della

1156 842 1249 873 dicta
1274 843 1389 874 donna
1414 843 1486 874 tino
1510 844 1544 874 in
1570 844 1750 887 Sansogna
1774 845 1809 875 fo
1834 844 1864 875 61
1896 845 1998 876 nobel

1155 901 1256 931 homo
1280 900 1424 932 Checho
1450 900 1493 931 da
1518 897 1724 933 Lion‚della
1748 897 1878 929 fedelta
1896 905 1929 929 et
1946 909 2000 929 so-

1154 953 1334 985 licitudine
1360 954 1414 985 del
1440 952 1520 995 qual
1545 952 1575 982 61
1606 952 1701 982 dicto
1736 951 1924 991 magnifico
1956 952 2000 982 si-

1155 1017 1242 1048 gnor
1264 1007 1377 1037 havea
1403 1006 1436 1037 fe
1462 1016 1564 1048 serica
1591 1003 1706 1035 dubio.
1755 1004 1803 1035 La
1831 1005 1910 1045 qual
1936 1004 1999 1035 du-

1156 1059 1276 1090 chessa
1294 1066 1421 1100 quanto
1438 1058 1768 1101 magnifichamente
1788 1059 1879 1089 fosse
1904 1070 2000 1090 rece-

1157 1112 1245 1143 vuda
1270 1123 1330 1153 per
1356 1113 1362 1141 i
1390 1113 1464 1144 dosi
1492 1112 1534 1142 de
1559 1111 1833 1151 Ostorico‚seria
1859 1112 1962 1153 longo
1980 1123 1998 1142 a

1154 1165 1284 1196 scriver
1314 1164 1340 1195 si
1374 1165 1408 1197 in
1440 1166 1596 1208 vignirge
1628 1165 1788 1196 incontra
1822 1175 1886 1196 con
1912 1176 1997 1207 gran

1154 1219 1363 1260 compagnia
1397 1219 1438 1249 de
1475 1218 1642 1250 cavalieri
1676 1218 1755 1248 fuor
1786 1217 1829 1248 (16
1862 1218 1998 1248 Vienna

1153 1281 1216 1312 per
1239 1281 1324 1313 gran
1350 1272 1480 1313 spacio,
1497 1278 1530 1302 et
1546 1272 1636 1302 intro
1656 1271 1690 1301 in
1709 1271 1897 1309 receverla,
1921 1271 1999 1301 visi-

1153 1324 1240 1355 tarla
1265 1335 1330 1356 con
1354 1325 1385 1356 le
1410 1324 1579 1356 duchesse
1602 1335 1640 1355 so
1657 1330 1828 1362 consorte,
1852 1325 1886 1354 111
1903 1324 1997 1365 paria

1156 1385 1313 1415 onnesto‚
1338 1379 1371 1409 in
1397 1378 1477 1409 balli
1504 1384 1538 1409 et
1563 1379 1647 1408 altre
1676 1378 1775 1408 feste.

1243 1590 1315 1623 272.
1351 1608 1382 1611 —-
1422 1590 1504 1626 Puo,
1537 1589 1593 1620 del
1622 1599 1716 1620 mese
1746 1591 1788 1621 de
1814 1600 1940 1632 marco,
1964 1592 1996 1621 el

1154 1645 1347 1687 canceliero
1373 1644 1429 1675 del
1455 1644 1651 1684 patriarcha
1674 1643 1847 1686 d'Agolia,
1866 1645 1897 1674 el
1919 1646 1995 1686 qual

1154 1697 1328 1739 vignendo
1353 1697 1383 1728 el
1416 1697 1511 1728 dicto
1536 1696 1733 1737 patriarcha
1758 1698 1791 1727 in
1817 1698 1848 1728 la
1880 1698 1997 1729 Patria

1154 1751 1196 1782 (le
1219 1751 1322 1782 Frioli
1348 1761 1479 1781 romase
1505 1760 1643 1790 apresso
1664 1750 1770 1781 Karlo
1790 1750 1994 1791 imperador‚

1154 1815 1265 1847 venne
1290 1815 1309 1834 a
1332 1804 1425 1835 Pava
1450 1813 1550 1835 como
1576 1813 1687 1834 messo
1720 1804 1775 1835 del
1810 1805 1902 1835 dicto
1934 1806 1995 1835 im-

1153 1859 1300 1899 perador
1324 1857 1355 1888 al
1381 1857 1569 1900 magnifico
1594 1857 1713 1899 signos
1736 1858 1861 1888 11166161·
1888 1860 1996 1889 Fran-

1153 1921 1255 1942 cese»
1281 1911 1325 1942 da
1349 1911 1508 1947 Carrara,
1533 1910 1588 1951 po'
1618 1911 1649 1942 al
1682 1911 1859 1942 marchese
1888 1911 1994 1948 d’Est‚

1152 1965 1182 1996 ai
1208 1964 1337 2006 signori
1364 1965 1406 1995 de
1430 1964 1572 1995 Mantoa
1604 1970 1638 1994 et
1662 1975 1679 1994 a
1710 1965 1835 1995 mesier
1867 1965 1994 1996 Galeaz

1153 2018 1317 2049 Visconte
1342 2028 1360 2048 a
1385 2028 1484 2048 saver
1508 2018 1573 2048 0116
1597 2017 1771 2049 intencion
1796 2018 1852 2049 elli
1880 2019 1993 2050 hanno

1152 2071 1185 2101 in
1211 2071 1243 2101 la
1266 2071 1419 2112 vignuda
1444 2070 1499 2102 del
1526 2071 1619 2102 (11010
1645 2071 1841 2112 imperador
1864 2071 1899 2102 in
1927 2072 1993 2102 Ita-

1151 2124 1195 2154 lia
1220 2129 1253 2154 et
1277 2123 1393 2165 quello
1417 2125 1482 2155 che
1516 2125 1572 2155 elli
1606 2124 1690 2155 fara.
1739 2123 1781 2154 A]
1815 2125 1893 2166 qual
1927 2136 1994 2156 ma-

1149 2177 1276 2219 gnifico
1301 2177 1419 2219 signor
1443 2177 1477 2207 in
1502 2178 1597 2219 quilli
1625 2177 1659 2208 (11
1684 2188 1742 2208 era
1774 2179 1993 2224 pervignudo

1151 2230 1275 2260 mesier
1298 2230 1440 2273 ‚Cuanne
1466 2231 1509 2261 da
1528 2231 1643 2267 Siena,
1660 2232 1845 2262 secretario
1864 2233 1905 2263 de
1923 2243 1993 2263 me-

1150 2283 1219 2314 sier
1243 2282 1285 2314 de
1302 2283 1440 2321 Sabina,
1459 2295 1524 2316 0011
1541 2284 1735 2315 anibaxaria
1753 2285 1844 2316 <lello
1861 2296 1991 2316 summo

1151 2337 1315 2376 pontifico
1339 2337 1383 2368 ad
1408 2337 1545 2379 affe-car
1568 2338 1600 2368 la
1624 2338 1776 2378 vignuda
1801 2339 1841 2369 (16
1861 2338 1991 2379 1’1111ρ6-

1150 2389 1254 2420 rador
1277 2390 1311 2420 in
1338 2390 1445 2421 Italia.
1494 2391 1536 2421 Et
1561 2391 1714 2422 anchora
1745 2397 1840 2422 socto
1872 2392 1990 2422 sirnele

1151 2443 1268 2483 parole
1283 2453 1339 2473 era
1358 2444 1510 2485 vignudo
1529 2444 1560 2474 el
1577 2454 1723 2475 vescovo
1743 2445 1784 2475 (16
1803 2445 1913 2475 Vacia
1930 2455 1991 2485 per

1150 2502 1246 2536 parte
1272 2496 1329 2527 del
1360 2507 1396 2527 re
1429 2497 1471 2527 (16
1507 2497 1683 2539 {Ismgaria
1716 2497 1922 2527 ambaxaore
1955 2498 1987 2527 al

1150 2549 1244 2579 dicto
1268 2549 1387 2591 signos
1410 2550 1533 2580 mesier
1556 2551 1751 2580 h‘rancesco
1769 2551 1811 2580 da
1833 2550 1989 2587 Cumara,

1150 2601 1181 2632 el
1206 2602 1285 2643 qual
1310 2603 1354 2633 da
1379 2603 1470 2634 Pava
1495 2603 1550 2644 po’
1579 2604 1688 2634 (lovea
1706 2602 1812 2634 andar
1830 2614 1848 2634 a
1865 2604 1988 2634 Roma.

1238 2758 1310 2792 273.
1340 2777 1376 2780 ’ψ
1400 2759 1465 2790 Del
1489 2770 1578 2791 mese
1603 2760 1671 2801 pub
1690 2762 1732 2791 (16
1751 2766 1882 2801 agosto,
1900 2761 1989 2791 sian-

1149 2813 1193 2843 do
1220 2812 1249 2843 16
1276 2822 1358 2843 cose
1378 2823 1439 2854 per
1459 2814 1559 2844 messi
1578 2814 1620 2845 de
1639 2824 1705 2855 qua
1723 2819 1756 2844 et
1774 2814 1816 2844 de
1835 2814 1865 2844 111
1883 2814 1988 2845 molto

1148 2866 1309 2901 cercade,
1335 2865 1401 2896 alla
1426 2866 1470 2896 tin
1492 2866 1527 2896 fo
1560 2867 1654 2897 facta
1687 2872 1720 2896 et
1750 2866 1923 2907 complida
1956 2868 1989 2898 la

1148 2918 1251 2949 union
1291 2919 1381 2949 intro
1421 2918 1452 2949 el
1488 2929 1619 2950 summo
1659 2919 1824 2960 pontifico
1870 2919 1988 2951 Urban

1236 3042 1277 3066 39.
1298 3037 1374 3066 perte
1395 3036 1422 3059 Ι)
