2422 3684
481 248 651 284 GESTA
682 250 980 286 MAGNIFICA

1011 250 1196 286 DOMUS
1225 249 1615 285 CARRARIENSIS

221 601 296 632 209.
330 619 368 622 —
401 600 537 631 Placuit
567 599 720 641 presenti
751 600 788 632 in
812 602 978 642 opusculo

133 654 298 696 quasdam
322 653 461 685 lieteras
484 653 702 690 interserere,
720 664 805 694 quas
822 655 979 686 dominus

132 717 192 738 rex
216 707 391 748 Hungarie
415 707 451 737 in
468 707 563 747 pacis
578 706 827 737 firmamentum
845 707 978 750 magni-

133 760 198 791 fico
212 759 358 791 contulit
371 758 511 790 domino
525 759 711 790 Francisco
725 760 768 790 de
785 758 945 791 Carraria
956 760 977 792 ¹.

219 964 277 987 Nos
288 963 459 991 Lodovicus,
468 963 518 986 Dei
527 963 623 994 gracia
631 961 811 994 [Hungarie],
822 963 977 991 Dalmacie,

131 1008 260 1037 Croacie,
273 1008 382 1035 Ramie,
396 1006 489 1036 Serve,
503 1006 626 1035 Galicie,
640 1006 817 1035 Lodomerie,
830 1007 977 1035 Comanie,

131 1052 317 1084 Bulgarieque
340 1058 399 1080 rex,
428 1053 560 1082 princeps
585 1050 783 1075 Salernitanus
809 1054 836 1075 et
858 1052 977 1076 honoris

132 1097 242 1121 Montis
260 1096 357 1120 Sancti
379 1095 484 1127 Augeli
503 1096 645 1123 dominus,
668 1097 765 1118 notum
781 1096 900 1119 facimus
914 1098 977 1120 uni-

132 1142 221 1166 versis
235 1141 378 1173 presentes
391 1141 505 1164 Iicteras
524 1141 705 1172 inspecturis,
727 1141 811 1171 quod,
831 1142 897 1172 quia
920 1150 976 1165 ma-

131 1185 250 1217 gnificus
262 1184 394 1207 (lominus
405 1183 572 1206 Franciscus
584 1183 616 1206 de
627 1182 759 1206 Carraria
772 1191 822 1215 pro
833 1192 912 1207 sacro
921 1184 975 1207 Ro-

133 1238 216 1255 mano
234 1231 357 1262 imperio
376 1229 505 1253 civitatis
524 1230 551 1252 et
571 1229 718 1252 districtus
737 1228 830 1253 Padue
845 1230 977 1259 via-arius,

132 1277 239 1300 amicus
258 1276 354 1298 noster
380 1274 553 1302 carissimus,
578 1274 607 1296 in
630 1275 740 1305 guerris
760 1276 786 1298 ct
813 1275 974 1305 discordiis,

133 1328 201 1352 quas
219 1327 281 1343 cum
301 1319 419 1343 domino
445 1318 513 1342 duce
537 1320 565 1341 et
591 1320 766 1342 comunitate
788 1319 975 1343 Veneciarum

132 1366 288 1392 habuimus.
305 1364 387 1387 nobis
402 1363 543 1387 adheserit
557 1365 657 1387 contra
670 1370 727 1391 eos=
742 1364 871 1387 volentes
886 1365 976 1396 igitur

132 1411 165 1434 de
184 1409 320 1442 periculis
339 1411 367 1432 et
387 1408 509 1438 damnis,
523 1415 574 1439 que
588 1415 622 1431 ex
636 1409 689 1432 1100
712 1409 853 1432 incurrere
873 1411 975 1441 posset,

131 1455 253 1479 libenter
275 1455 303 1477 et
327 1454 485 1477 liberaliter
509 1460 659 1485 precavere
686 1453 776 1485 ipsum
799 1461 859 1477 cum
883 1455 974 1481 terris,
1015 1480 1018 1483 ,

130 1500 202 1524 10013
221 1500 249 1523 et
262 1498 387 1522 subditis
407 1499 465 1521 suis
480 1498 508 1521 ln
530 1505 597 1529 pace
617 1499 644 1521 et
665 1498 975 1529 coneordla,a‹1quam

130 1552 191 1569 cum
208 1545 279 1576 ipsis
299 1543 462 1567 devenimus
477 1542 602 1574 Spiritus
622 1543 715 1566 sancti
728 1543 824 1574 gracia
839 1546 974 1575 perpetuo

129 1589 302 1618 duraturam,
321 1588 409 1611 inseri
429 1587 546 1610 fecimus
564 1589 592 1611 et
612 1587 733 1615 includi,
754 1589 828 1610 sicut
848 1590 925 1618 patet
946 1589 974 1611 in

129 1633 293 1664 pr1vilegiis
319 1639 401 1663 super
427 1632 479 1655 hoc
506 1632 646 1655 confectis
669 1634 695 1655 et
720 1632 807 1655 latius
827 1633 974 1656 emanatis.

129 1678 239 1702 Idcirco
259 1677 459 1709 promictimus
479 1676 579 1706 eidem,
599 1677 702 1706 absque
716 1677 792 1699 omni
814 1677 893 1705 dolo,
914 1677 976 1701 sine

131 1723 227 1746 fraude
248 1730 278 1746 ac
292 1723 378 1745 tactis
399 1722 575 1745 sacrosantis
594 1721 760 1752 evangeliis,
775 1722 895 1752 prestito
915 1729 977 1745 cor-

130 1767 224 1799 porali
245 1767 430 1796 sacramento,
452 1766 527 1797 quod
549 1766 573 1789 si
593 1766 663 1789 dicti
686 1766 744 1789 dux
763 1768 790 1789 et
814 1767 976 1790 comunitas

129 1812 315 1836 Veneciarum
330 1810 472 1842 prefatum
486 1811 633 1834 dominum
648 1811 829 1834 Franciscum
849 1813 977 1835 occasio-

130 1865 164 1881 ne
189 1855 316 1887 predicte
341 1855 508 1879 adhesionis
535 1857 583 1878 aut
609 1854 675 1878 aliis
702 1855 796 1885 modo,
822 1863 904 1879 causa
932 1857 975 1879 vel

130 1902 225 1926 colore
235 1900 343 1931 aliquo,
358 1900 471 1930 quesito
485 1900 529 1922 vel
544 1899 675 1927 invento,
691 1900 720 1923 in
736 1907 849 1923 suorum
865 1900 976 1933 dispen-

130 1946 208 1970 dium
234 1945 439 1977 promissorum
465 1945 492 1967 et
520 1945 744 1968 iuramentorum
773 1945 906 1968 invadere
933 1946 974 1969 vel

130 1991 230 2022 ipsum,
251 1996 315 2013 suas
332 1991 430 2016 terras,
445 1989 506 2012 loca
521 1990 548 2012 et
562 1988 703 2016 subditos,
718 1989 791 2012 ultra
807 1991 889 2019 pacta
905 1991 978 2013 inter

130 2042 178 2059 eos
203 2035 273 2058 olim
293 2033 400 2061 habita,
420 2032 560 2056 offendere
580 2035 760 2061 conarentur,
783 2034 837 2065 ipsi
860 2034 977 2058 domino

130 2079 283 2103 Francisco
304 2078 495 2110 personaliter
524 2077 567 2100 vel
598 2077 736 2101 subsidiis
765 2078 859 2109 gentis
880 2080 978 2102 nostre

131 2132 161 2148 ae
187 2123 252 2147 aliis
279 2122 398 2146 auxiliis
424 2124 452 2145 et
479 2123 672 2146 iuvaminibus
703 2123 860 2146 astabimus
893 2130 976 2154 opor-

132 2169 218 2197 tunis,
241 2173 360 2197 suasque
379 2168 478 2194 terras,
498 2167 559 2190 loca
580 2169 607 2191 et
621 2167 753 2190 subditos
769 2168 918 2191 defendere
933 2176 976 2191 cu·

131 2215 263 2240 rabimus,
284 2212 353 2236 duce
373 2212 441 2239 Deo,
462 2214 562 2236 contra
583 2212 662 2243 ipsos
677 2214 704 2235 et
724 2213 896 2241 generaliter
911 2220 978 2236 con-

131 2260 173 2282 tra
194 2257 337 2289 quoslibet
358 2257 430 2280 alios
453 2258 652 2287 cuiuscumque
678 2257 841 2288 dignitatis,
861 2258 977 2290 preemi-

133 2303 239 2330 nencie,
252 2301 434 2325 condicionis
445 2302 472 2325 et
486 2302 578 2325 status
591 2302 727 2329 existant,
742 2304 854 2325 nemine
866 2303 979 2333 penitus

132 2348 247 2371 excluso
269 2346 313 2370 vel
333 2347 460 2377 excepto,
481 2347 527 2377 qui
549 2347 666 2370 eundem
691 2347 841 2371 dominum
862 2346 977 2371 Franci-

133 2399 209 2416 seum
223 2391 366 2419 invadere,
381 2392 411 2414 ut
426 2391 614 2421 premictitur.
630 2398 693 2414 suas
708 2393 797 2415 terras
810 2393 838 2415 et
849 2391 978 2415 subditos

132 2435 298 2467 aliqualiter
318 2435 458 2458 offendere
479 2435 626 2465 niteretur,
648 2436 687 2458 ita
708 2437 801 2459 tamen
828 2438 855 2460 et
880 2436 979 2460 taliter

133 2481 206 2513 quod
229 2481 356 2512 prefatus
370 2480 502 2503 dominus
517 2478 684 2504 Franciscus
700 2481 778 2504 nulla
794 2482 843 2505 sub
858 2481 979 2506 fidancia

133 2527 277 2558 presentes
297 2525 458 2549 discordias
478 2525 524 2549 vel
546 2533 661 2556 guerras
681 2528 794 2551 moveat
814 2527 898 2550 nobis
912 2527 981 2550 irre-

133 2570 258 2602 quisitis.
296 2570 401 2593 Harum
430 2570 480 2593 sub
510 2572 607 2593 nostre
634 2572 792 2594 maiestatis
817 2573 844 2594 et
863 2571 980 2595 domine

134 2616 231 2647 regine
250 2614 401 2646 genitricis
422 2616 517 2638 nostre
536 2615 681 2639 carissime
702 2623 731 2639 ae
753 2616 927 2647 prelatorum
954 2618 980 2640 et

132 2660 271 2683 baronum
292 2661 454 2683 nostrorum
476 2660 702 2691 subscriptorum
723 2661 830 2691 sigillis
851 2662 877 2684 et
902 2661 980 2684 testi·

135 2705 234 2728 monio
254 2704 427 2728 licterarum.
462 2703 587 2728 Nomina
607 2706 699 2728 autem
715 2705 873 2728 eorumdem
894 2705 981 2736 prela-

133 2750 227 2772 torum
253 2749 281 2771 et
307 2749 444 2772 baronum
465 2750 638 2777 nostrorum,
662 2750 708 2779 qui
729 2751 865 2780 premisse
885 2751 981 2773 nostre

135 2792 323 2824 promissioni
342 2794 370 2816 et
389 2793 580 2824 (lisposicioni
610 2793 811 2823 interfuerunt,
831 2795 898 2817 sunt
918 2794 980 2817 hec:

224 2914 264 2939 31.
285 2907 357 2930 alias
378 2908 414 2930 M
428 2921 460 2925 —-—
481 2914 522 2938 43.
543 2908 722 2938 permit-titur
741 2908 776 2931 sp!

243 3033 248 3048 ¹
269 3035 410 3066 CORTUS.,
439 3036 577 3067 chronica,
594 3036 641 3065 XI,
665 3043 703 3060 12.

1044 963 1074 989 10

1043 1188 1072 1215 15

1039 1416 1074 1442 20

1038 1644 1072 1670 25

1039 1866 1074 1893 30

1040 2089 1074 2116 35

1042 2316 1075 2341 «10

1044 2770 1078 2796 50

1466 381 1602 413 REDAz.
1626 382 1663 414 D

1139 454 1225 485 cade
1250 453 1281 485 le
1305 452 1462 494 predicte
1487 463 1568 485 cose
1593 464 1613 484 a
1636 452 1731 485 Pava
1754 454 1788 485 in
1805 454 1897 485 mille
1915 460 1983 486 tre-

1139 512 1236 538 sento
1253 507 1440 548 cinquanta
1457 512 1546 543 octo,
1564 505 1618 537 adi
1636 507 1767 538 undese
1791 507 1834 538 de
1859 518 1982 550 cugno.

1227 604 1302 635 209.
1317 624 1357 628 —
1373 603 1415 635 El
1428 603 1493 635 m’e
1507 614 1608 644 parso
1622 603 1657 635 in
1669 610 1788 645 questa
1805 605 1873 635 mia
1885 615 1984 636 ovre-

1140 658 1217 700 ‚cola
1241 662 1372 688 [1100101-
1389 667 1456 688 una
1474 658 1593 693 letera,
1610 657 1675 688 che
1692 658 1816 688 mesier
1834 658 1866 689 10
1884 669 1920 689 re
1938 658 1982 689 cle

1139 710 1316 752 Hongaria
1340 711 1375 741 in
1401 711 1629 742 {ermamento
1646 709 1691 741 de
1709 721 1789 751 pase
1808 711 1934 742 mando
1951 711 1983 741 al

1140 763 1323 805 magnifico
1341 764 1458 805 signor
1475 763 1600 794 11303101-
1623 762 1821 795 Francesco
1838 764 1882 795 da
1899 765 1983 796 Car-

1138 827 1225 847 rara.
1261 816 1305 847 Et
1322 816 1458 848 benche
1484 816 1516 848 la
1533 817 1624 848 fosse
1641 817 1767 848 mandit
1784 827 1846 858 per
1865 817 1983 854 uetera,

1138 880 1200 910 per
1213 869 1328 911 seguir
1341 870 1373 900 el
1387 870 1454 901 mio
1466 869 1544 901 stilo
1558 869 1591 900 la
1605 869 1681 900 voio
1696 871 1754 912 qui
1768 870 1983 912 volgarecar.

1226 968 1271 991 Nu
1291 967 1451 998 Lodovigo,
1471 975 1520 1000 per
1534 967 1561 992 la
1574 969 1669 1000 gracia
1684 968 1717 991 de
1731 968 1788 992 Dio
1808 975 1837 992 re
1856 969 1888 992 de
1909 969 1984 992 [1011-

1136 1015 1226 1044 garia,
1247 1014 1279 1036 (le
1300 1013 1447 1036 Dalmatia
1468 1015 1496 1037 et
1511 1013 1544 1037 de
1557 1012 1690 1044 Croacia,
1706 1014 1739 1037 de
1754 1013 1851 1041 Rome,
1871 1015 1904 1038 dc
1924 1014 1985 1037 Ser-

1138 1059 1192 1088 via,
1218 1058 1250 1080 de
1280 1057 1412 1083 Gallicie.
1441 1058 1473 1081 de
1503 1058 1683 1086 Lodomeria,
1712 1059 1745 1081 de
1774 1058 1922 1085 Comania.
1952 1060 1985 1082 de

1138 1102 1282 1133 Rulgaria,
1302 1103 1436 1134 principo
1456 1102 1489 1126 cle
1508 1102 1627 1126 Salerno
1647 1104 1674 1126 et
1698 1104 1797 1134 signor
1819 1103 1852 1126 de
1871 1103 1985 1126 l'honor

1138 1146 1181 1169 del
1203 1148 1298 1169 monte
1325 1146 1357 1169 de
1383 1148 1470 1170 Santo
1491 1146 1617 1178 Agnolo‚
1644 1146 1750 1170 fasemo
1779 1149 1848 1170 noto
1875 1155 1888 1170 a
1915 1149 1983 1171 tutti

1136 1191 1234 1221 quelli,
1254 1191 1303 1214 che
1322 1189 1459 1222 guarderri
1473 1192 1498 1214 le
1513 1194 1641 1223 presente
1661 1192 1755 1219 letere,
1771 1192 1828 1220 che,
1850 1192 1984 1224 perqoche

1136 1235 1154 1258 'l
1181 1236 1331 1267 magnifico
1358 1238 1457 1260 mesier
1481 1237 1638 1260 Francesro
1665 1236 1699 1260 da
1725 1236 1854 1267 Carrara,
1881 1244 1931 1269 per
1955 1237 1984 1260 10

1137 1288 1217 1305 sacro
1237 1289 1355 1305 romano
1378 1283 1498 1314 imperio
1519 1283 1628 1306 vicario
1655 1283 1730 1306 della
1750 1280 1807 1306 cita
1827 1285 1854 1306 et
1875 1283 1918 1306 del
1940 1283 1983 1306 de-

1137 1327 1240 1349 streete
1256 1326 1289 1349 de
1304 1326 1387 1353 Pava,
1402 1327 1497 1357 amigo
1514 1329 1611 1350 nostro
1628 1327 1787 1355 carissimo,
1801 1327 1831 1350 1η
1847 1327 1872 1350 10
1885 1335 1985 1359 guerre

1136 1372 1163 1393 et
1183 1370 1336 1397 discordiev
1357 1371 1382 1394 le
1401 1372 1466 1402 qual
1489 1379 1524 1394 nu
1543 1372 1664 1394 havemo
1684 1371 1797 1395 habudo
1812 1379 1864 1395 con
1886 1373 1986 1395 mesier

1136 1415 1164 1438 lo
1180 1415 1247 1438 duse
1260 1419 1287 1439 et
1301 1423 1353 1439 con
1376 1416 1401 1438 la
1417 1413 1562 1439 comunitzi
1576 1416 1609 1439 (le
1628 1415 1759 1444 Venesia,
1773 1424 1801 1439 se
1814 1415 1827 1440 ὲ
1842 1419 1985 1449 0011001110

1137 1467 1191 1483 con
1213 1468 1268 1491 nuy
1291 1462 1389 1483 contra
1403 1460 1460 1486 elli,
1481 1461 1637 1483 voiantlolo
1658 1461 1785 1484 adom-ha
1802 1461 1923 1491 guardar
1937 1461 1982 1484 dai

1136 1505 1260 1537 perigoli
1281 1507 1308 1528 et
1327 1505 1434 1533 damni,
1454 1506 1500 1528 nei
1520 1505 1596 1535 quali
1617 1512 1665 1537 per
1685 1507 1783 1536 questo
1803 1506 1860 1530 ello
1880 1514 1985 1538 porave

1135 1550 1261 1573 incorrer
1281 1557 1333 1572 con
1354 1550 1379 1573 le
1406 1557 1436 1573 so
1459 1552 1540 1576 terre,
1568 1550 1649 1581 luogi
1675 1552 1702 1573 et
1727 1550 1845 1578 subditi,
1873 1551 1984 1574 volemo

1137 1594 1296 1617 volentiera
1323 1596 1350 1617 et
1376 1594 1560 1617 libernmente
1586 1594 1627 1618 lui
1653 1602 1704 1617 con
1727 1595 1736 1618 i
1756 1595 1827 1618 dicti
1853 1602 1883 1618 so
1904 1595 1983 1625 luogi

1135 1641 1162 1662 et
1191 1638 1297 1661 subditi
1328 1639 1357 1661 in
1382 1639 1409 1661 la
1436 1646 1500 1669 pase
1525 1640 1552 1662 et
1579 1639 1742 1669 concordia,
1771 1639 1827 1662 alla
1853 1639 1919 1669 qual
1947 1647 1984 1663 nu

1136 1690 1210 1706 semo
1232 1682 1319 1714 vignii
1341 1690 1393 1706 con
1414 1683 1424 1706 i
1444 1683 1564 1714 predicti
1586 1683 1621 1706 da
1636 1684 1755 1707 Venesia
1776 1685 1803 1707 et
1824 1684 1872 1707 che
1892 1691 1940 1715 per
1960 1685 1984 1707 la

1135 1728 1231 1758 gracia
1252 1727 1296 1751 del
1316 1728 1425 1760 Spiritu
1446 1727 1550 1751 Sancto
1571 1728 1653 1751 debia
1673 1728 1916 1759 perpetualmente
1936 1729 1986 1752 du-

1137 1780 1189 1803 rar,
1209 1779 1283 1795 esser
1299 1773 1418 1800 incluso,
1433 1775 1459 1796 et
1474 1771 1534 1796 cosi
1550 1772 1577 1795 Io
1591 1773 1710 1796 havemo
1732 1773 1807 1797 facto
1828 1774 1940 1802 inserir,
1961 1771 1984 1797 si

1136 1825 1217 1841 como
1237 1815 1259 1846 ὲ,
1269 1817 1423 1840 manifesto
1445 1819 1473 1840 in
1494 1817 1516 1840 li
1530 1817 1677 1849 privilegii
1695 1817 1761 1841 facti
1778 1825 1862 1841 sovra
1876 1819 1985 1849 questo,

1137 1863 1171 1885 Et
1187 1860 1269 1894 porco
1283 1863 1474 1892 promectemo
1489 1862 1514 1885 al
1530 1862 1606 1885 (licto
1622 1862 1771 1893 magnifico
1787 1863 1886 1886 mesier
1900 1862 1985 1887 Fran-

1137 1914 1216 1930 cesco
1230 1914 1312 1939 senca
1327 1907 1404 1935 (1010,
1416 1914 1496 1938 senga
1509 1907 1772 1937 i11gan110,t‹2ehadi
1787 1907 1796 1930 i
1811 1909 1983 1931 sacrosancti

1137 1951 1290 1982 evangelii,
1309 1951 1383 1974 tollo
1404 1951 1533 1982 corpor-al
1554 1953 1741 1981 sagramento,
1767 1951 1816 1975 che
1837 1960 1864 1975 se
1884 1953 1893 1975 i
1914 1952 1983 1976 dir-ti

1138 1997 1206 2019 (luse
1225 1997 1252 2019 et
1277 1993 1424 2019 comunith
1445 1996 1477 2018 (le
1505 1996 1633 2023 Venesia,
1654 2003 1702 2028 per
1728 2003 1810 2019 cason
1833 1997 1866 2020 (le
1892 1996 1985 2020 l'esscr

1138 2042 1281 2073 0011001110
1301 2048 1353 2063 con
1370 2041 1427 2070 nui,
1448 2048 1516 2063 over
1537 2040 1706 2064 altram-nte
1725 2049 1773 2072 per
1793 2041 1875 2064 alcun
1892 2042 1985 2071 modo,

1139 2093 1206 2110 over
1226 2093 1274 2116 per
1295 2085 1395 2108 alchun
1420 2085 1515 2108 colore
1541 2085 1677 2108 cen-hado
1704 2093 1772 2108 over
1799 2086 1929 2116 trovado,
1958 2094 1985 2110 se

1139 2130 1276 2161 ssoreasse
1290 2130 1323 2152 de
1338 2129 1476 2152 offendere
1491 2130 1514 2152 el
1530 2130 1608 2152 <licto
1623 2130 1774 2159 magnifico
1790 2132 1889 2154 11103101·
1900 2130 1986 2154 Fran-

1138 2182 1226 2201 cesco,
1252 2174 1277 2198 le
1302 2180 1333 2196 so
1353 2175 1435 2201 terre,
1455 2174 1563 2197 subditi
1582 2176 1609 2197 et
1630 2174 1711 2205 luogi
1734 2176 1759 2197 in
1782 2175 1887 2198 damno
1913 2176 1986 2198 delle

1138 2227 1169 2242 so
1190 2225 1332 2250 promesse
1351 2220 1377 2242 et
1397 2220 1578 2249 sagramenti,
1599 2218 1673 2241 oltra
1695 2220 1702 2242 i
1724 2221 1799 2250 pacti
1821 2219 1893 2242 altre
1917 2219 1986 2243 finde

1138 2263 1245 2287 hnbudi
1265 2265 1307 2286 tra
1327 2263 1386 2291 elli,
1407 2263 1456 2286 che
1483 2264 1530 2286 nui
1558 2270 1715 2286 secorrenlo
1736 2263 1763 2286 al
1784 2265 1861 2287 dicto
1885 2265 1985 2287 mesier

1139 2308 1294 2331 Franeesco
1316 2308 1549 2338 persoualmente,
1571 2315 1640 2330 over
1659 2315 1713 2331 con
1740 2309 1861 2331 subsidii
1882 2308 1915 2331 (le
1935 2316 1986 2332 no-

1139 2354 1195 2376 stra
1216 2354 1306 2383 gente,
1329 2360 1395 2375 over
1415 2359 1467 2374 fon
1483 2351 1549 2374 altri
1571 2352 1672 2375 alturii
1689 2354 1716 2375 et
1736 2352 1802 2376 aida
1816 2355 1986 2384 opportuna,

1139 2399 1165 2421 et
1185 2395 1208 2420 si
1230 2404 1374 2420 curaremo
1395 2397 1427 2419 (lc
1448 2396 1604 2420 deffendere
1624 2397 1649 2420 le
1670 2404 1700 2420 so
1724 2398 1804 2422 terre,
1826 2397 1934 2421 subditi
1959 2400 1987 2422 et

1139 2443 1219 2474 luogi
1241 2444 1341 2466 contra
1367 2443 1427 2469 elli,
1454 2442 1556 2465 simulo
1578 2441 1635 2465 Dio
1657 2444 1753 2466 nostra
1773 2443 1868 2474 guida,
1896 2445 1923 2466 et
1941 2451 1986 2475 ge-

1141 2489 1313 2511 neralmente
1339 2489 1438 2510 contra
1468 2487 1589 2517 gase-hun
1617 2487 1691 2510 altro
1719 2487 1751 2510 de
1780 2488 1919 2520 gaschunn
1946 2487 1987 2510 (11-

1138 2530 1228 2564 gnitfi,
1248 2532 1468 2564 preeminencia,
1489 2532 1643 2555 condicion
1665 2534 1691 2556 et·
1714 2532 1796 2556 stado
1822 2532 1848 2555 el
1873 2533 1916 2555 sia
1942 2532 1984 2556 del

1139 2579 1226 2607 tutto,
1246 2578 1352 2600 nisuno
1372 2577 1488 2600 excluso
1508 2584 1576 2600 over
1595 2578 1723 2608 excepto,
1744 2577 1768 2600 el
1787 2577 1852 2608 qual
1873 2583 1901 2600 se
1915 2577 1989 2600 ssor-

1139 2629 1216 2653 ‹gassc
1237 2622 1270 2645 de
1290 2621 1412 2644 offender
1426 2621 1451 2644 el
1466 2621 1544 2644 dir-to
1559 2622 1659 2645 mesier
1679 2621 1835 2645 Francesco
1855 2623 1891 2651 et,
1905 2629 1987 2645 como

1141 2666 1154 2691 e
1175 2669 1262 2696 dicto,
1283 2667 1310 2690 in
1333 2667 1436 2689 alchun
1464 2667 1547 2690 modo
1575 2668 1600 2690 le
1626 2674 1657 2690 so
1679 2669 1751 2690 terre
1774 2669 1799 2690 et
1827 2667 1943 2695 subditi,
1963 2665 1988 2690 si

1141 2719 1224 2743 ampo
1245 2714 1272 2734 et
1294 2712 1321 2734 in
1342 2711 1381 2735 tal
1403 2711 1487 2734 modo
1515 2712 1564 2734 che
1590 2712 1609 2734 ’l
1630 2712 1758 2742 predicto
1780 2713 1879 2734 mesier
1901 2711 1987 2735 Fran-

1142 2763 1220 2780 cesco
1241 2758 1315 2779 sotto
1336 2757 1438 2780 nisuna
1459 2755 1566 2787 fidanqa
1587 2764 1669 2780 mova
1690 2757 1714 2779 le
1735 2758 1863 2788 presente
1882 2756 1988 2780 discor-

1142 2802 1188 2824 die
1213 2808 1282 2825 ovcr
1306 2807 1414 2832 guerre,
1442 2808 1469 2824 se
1496 2801 1546 2824 nui
1572 2808 1608 2824 110
1635 2808 1740 2824 scremo
1767 2801 1914 2831 requiritli.
1954 2801 1988 2824 Et
