2422 3684
495 244 666 279 GESTA
695 243 1000 278 MAGNIFICA
1030 242 1214 278 DOMUS
1243 240 1630 276 CARRARIENSIS

462 377 600 409 REDAz.
634 376 663 405 A

137 443 308 481 benicum,
333 443 522 479 Scardona,
547 442 766 483 Tregurinm,
792 442 981 483 Spalatum,

138 496 341 538 Ragusium,
366 495 546 531 Ausorum,
571 494 750 532 Chersuxn‚
777 495 878 531 Arba,
897 496 982 527 Cur-

137 549 223 591 cola‚
241 549 371 585 Lemma,
396 548 525 590 Pagum
542 554 574 578 et
601 547 749 578 Brachia
774 548 896 589 Vegle.
944 549 981 579 In

136 602 202 633 hac
227 611 315 643 pace
339 602 496 632 dominus
525 611 586 632 rex
618 601 729 631 voluit
760 601 980 641 magnificum

137 655 314 686 dominnm
338 653 562 685 Franciscum
586 659 760 695 tamquam
786 655 857 684 eius
874 655 981 685 adhe-

137 713 270 739 rentem
294 707 444 744 includi;
476 713 510 739 et
540 708 606 738 hoc
631 707 710 749 quia
740 718 802 748 per
826 707 982 738 Venetos

139 762 327 798 ferebatur,
361 761 490 802 absque
521 771 562 793 eo
593 760 687 802 quod
717 761 792 801 ipse
825 761 981 791 dominus

140 815 347 846 Franciscus
369 820 483 855 partes
506 814 616 856 regias
648 813 794 844 fovisset
818 814 853 844 in
880 813 982 843 tarvi-

136 867 210 898 sino
224 859 317 904 solo,
333 877 394 899 suo
412 868 517 899 ductu
535 873 568 899 et
593 867 739 898 consilio
765 867 904 898 civitate
930 867 981 897 la-

138 922 199 952 dre
225 921 267 952 de
293 921 425 953 ditione
450 927 569 962 erepta
594 921 817 956 Venetorum.
834 931 980 961 suosque

136 974 264 1005 milites
281 980 388 1005 noctu
406 985 483 1006 cum
508 975 609 1005 scalis
632 974 778 1015 primum
803 973 978 1004 introitum

136 1027 278 1059 fecisset
303 1027 461 1059 civitatis.
495 1026 574 1064 Quo
591 1038 658 1068 pax
676 1037 743 1058 non
761 1027 807 1058 ita
825 1028 867 1058 de
884 1027 981 1058 facili

137 1086 256 1112 secuta
274 1087 334 1117 est,
351 1087 403 1112 set
427 1091 489 1122 per
512 1082 644 1123 legatos
661 1080 783 1112 summi
812 1080 982 1122 pontificis

136 1133 245 1174 primo
271 1134 424 1166 discusso
448 1135 492 1166 de
515 1140 638 1176 treuga
667 1134 808 1175 ipsaque
827 1140 981 1175 pertrac-

135 1192 215 1224 tata,
232 1187 359 1219 deinde
377 1187 517 1218 tandem
536 1199 598 1229 per
615 1187 749 1229 legatos
768 1188 980 1219 Venetorum

136 1250 259 1280 pacem
283 1240 403 1282 ipsam,
428 1251 496 1272 non
522 1241 633 1272 dicam
660 1250 775 1272 coram
798 1242 874 1283 ipso
898 1251 980 1282 rege

135 1299 304 1334 petentes,
330 1300 381 1326 set
405 1294 501 1336 quasi
526 1295 805 1332 elemosinarum,
828 1295 983 1337 interpo-

125 1346 266 1378 ¹sicione
290 1348 397 1389 ipsius
426 1348 554 1379 domini
573 1347 764 1389 Francisci‚
781 1349 920 1379 tandem
938 1348 981 1380 ad

134 1401 245 1441 ipsam
269 1407 477 1432 conventum
504 1407 566 1432 est.
612 1401 680 1433 Pro
699 1402 794 1432 cuius
811 1402 907 1443 pacis
926 1412 982 1433 ce-

134 1453 335 1485 lebracione
370 1455 461 1485 inter
496 1464 641 1486 comune
680 1455 911 1487 Veneciarum
949 1463 982 1487 et

134 1507 353 1548 magnificum
377 1507 552 1539 dominum
578 1508 803 1540 Franciscum
828 1509 871 1540 de
896 1510 982 1541 Car-

135 1561 236 1598 raria,
267 1561 425 1592 dominus
457 1561 526 1592 dux
557 1560 711 1592 Paduam
743 1561 857 1593 misit¹
895 1563 980 1594 duos

133 1624 211 1646 suos
251 1614 383 1646 nobiles
420 1614 560 1656 legatos,
597 1621 842 1656 procuratores
882 1617 981 1648 ambo

133 1667 252 1699 Sancti
276 1667 398 1705 Marci,
428 1678 514 1709 quos
537 1668 610 1708 ipse
642 1668 846 1710 magnificus
870 1670 980 1701 domi-

134 1730 197 1751 nus
220 1719 429 1753 Franciscus
453 1721 645 1753 honorifice
669 1722 821 1762 suscepit
844 1732 979 1754 secum-

132 1783 198 1815 que
223 1774 260 1805 inv
281 1774 464 1816 colloquiis
486 1774 597 1806 extitit
620 1776 772 1806 secretis.
816 1775 980 1817 Postque,

133 1827 189 1858 die
215 1833 346 1869 quarta,
371 1827 444 1869 ipse
469 1828 628 1859 dominus
653 1829 868 1865 Franciscus,
891 1829 981 1860 mili-

132 1887 202 1912 turn
226 1891 364 1915 suorum
390 1886 425 1912 et
443 1881 608 1912 nobilium
638 1882 783 1913 vallatus
807 1883 978 1924 comitiva,

137 1934 311 1966 venecias
334 1934 454 1971 adivit,
479 1934 533 1965 cui
558 1945 665 1977 usque
691 1934 735 1966 ad
753 1935 865 1966 locum
883 1947 978 1967 suum

133 1988 249 2019 Strate
281 1988 323 2018 de
347 1984 513 2019 'veneciis
537 1987 632 2018 multi
658 1988 792 2019 nobiles
818 1999 979 2020 occurre—

133 2046 212 2072 runt
227 2041 431 2083 assidueque
449 2041 690 2079 occurrebant,
715 2042 802 2073 adeo
827 2043 920 2084 quod
944 2043 978 2074 in

132 2094 266 2125 lacunis
289 2099 385 2125 tanta
409 2094 474 2125 fuit
495 2094 634 2126 navium
666 2095 861 2131 multitudo,
886 2096 978 2137 quod

133 2146 190 2178 vix
223 2157 311 2188 aqua
343 2146 534 2178 videbatur.
580 2147 756 2179 Pervento
788 2157 872 2179 vero
904 2148 977 2189 ipso

132 2199 273 2231 domino
305 2199 491 2232 Francisco
524 2201 568 2232 ad
596 2200 770 2232 civitatem
807 2201 979 2232 Venecia-

130 2264 204 2284 rum
222 2254 385 2295 factoque
402 2264 504 2294 super
521 2254 660 2295 plathea
683 2253 781 2285 Santi
798 2255 910 2286 Marci
935 2255 977 2286 cle

131 2306 276 2338 navibus
300 2305 478 2344 descensu,
503 2306 549 2337 ibi
577 2311 675 2337 erant
693 2306 829 2338 nobiles
845 2307 978 2345 annosi,

131 2359 188 2401 qui
212 2358 322 2399 ipsius
352 2359 631 2400 prestolabantur
662 2360 859 2391 adventum.
908 2358 978 2397 Qui

131 2423 209 2443 eum
227 2422 304 2443 cum
327 2412 458 2443 honore
482 2413 694 2453 permaximo
719 2418 752 2444 et
776 2414 977 2445 reverencia

133 2465 255 2498 ducale
281 2465 454 2507 palacium
486 2465 705 2503 induxerunt,
737 2465 794 2497 cui
819 2466 978 2498 dominus

132 2519 201 2551 dux
225 2528 333 2561 usque
356 2519 401 2550 ad
425 2519 535 2549 scalas
559 2518 678 2550 obvius
703 2519 867 2550 occurrit.
910 2519 977 2551 Per

130 2572 351 2614 magnificum
381 2571 556 2603 dominum
588 2572 822 2609 Franciscum‚
858 2573 976 2604 debito

131 2625 274 2668 congrui
304 2625 442 2656 honoris
475 2624 650 2666 persoluto
683 2625 765 2657 duci
797 2626 975 2657 antedicto

132 2679 337 2720 modicaque
361 2679 450 2710 inter
473 2684 656 2719 utrumque
681 2679 845 2720 colloquii
871 2679 977 2710 colla-

130 2733 232 2764 cione
256 2731 384 2772 habita,
409 2732 560 2772 predicti
583 2731 716 2763 nobiles
738 2732 850 2773 ipsum
868 2731 976 2763 domi-

220 2858 244 2875 2.
263 2851 432 2874 Sobenicum
453 2852 489 2874 M
504 2865 535 2868 -
557 2850 579 2874 S.
603 2851 729 2875 ferebant
750 2852 786 2875 ‚il
801 2865 832 2868 —
850 2858 888 2875 10.
909 2859 975 2875 con-

132 2896 203 2920 cilio
219 2896 365 2919 civitatem
381 2896 458 2919 M—
476 2902 515 2927 13·
531 2895 630 2919 fecisse
651 2897 686 2919 M

229 2996 236 3013 ¹
257 2998 394 3027 Cowrus„
419 2999 558 3027 Chronica,
579 2998 625 3027 XI,
649 3006 687 3023 11.

1050 874 1086 905 10

1050 1138 1084 1170 15

1044 1675 1085 1705 25

1043 1943 1084 1973 30

1042 2474 1082 2503 40

1041 2737 1079 2768 45

1462 372 1599 404 REDAZ.
1625 372 1661 404 D

1144 446 1212 477 soie
1247 446 1350 477 indur
1382 455 1400 476 a
1431 454 1524 486 pase,
1560 444 1788 485 concosiach'e
1826 444 1882 474 elli
1918 454 1982 475 eno

1141 499 1318 539 appariadi
1346 499 1388 530 de
1413 497 1509 529 voler
1533 497 1680 528 assentit
1712 497 1776 528 alle
1809 496 1982 528 domande

1141 552 1196 582 del
1222 551 1316 582 dicto
1342 562 1389 582 re.
1436 551 1477 582 El
1502 550 1621 592 signor
1646 550 1767 580 mesier
1785 551 1982 581 Francesco

1142 605 1290 646 piegado
1315 615 1334 635 a
1358 615 1395 635 so
1423 603 1571 646 prieghi‚
1597 613 1696 634 como
1722 602 1838 644 quello
1864 602 1927 633 che
1952 601 1982 632 ie

1142 656 1252 688 havea
1268 657 1400 700 grande
1417 655 1596 693 affection,
1621 655 1728 697 prego
1746 655 1777 685 el
1795 654 1981 685 venerabel

1142 709 1244 740 homo
1268 710 1390 740 mesier
1415 710 1606 751 Greguoro,
1632 709 1775 739 custode
1799 708 1842 738 de
1872 707 1981 738 Vara-

1141 761 1213 798 dim
1237 764 1269 793 el
1294 762 1372 804 qual
1403 762 1509 793 allora
1527 772 1584 793 era
1608 774 1627 791 a
1643 760 1747 797 Pava,
1765 760 1830 791 che
1848 760 1981 791 volesse

1140 815 1249 845 andar
1266 826 1284 845 a
1303 816 1426 846 mesier
1449 815 1481 846 lo
1498 825 1534 846 re
1559 825 1577 845 a
1595 814 1740 846 cerchar
1756 814 1799 845 de
1818 822 1910 854 pase,
1928 812 1982 843 col

1141 867 1230 908 qual,
1255 869 1376 899 siando
1403 867 1652 900 condescendu
1685 866 1750 898 alla
1783 865 1983 908 prieghiera

1142 920 1197 950 del
1223 920 1315 952 dicto
1341 921 1523 963 magnifico
1548 921 1673 951 mesier
1691 920 1898 956 Francesco,
1916 918 1982 949 ello

1141 973 1268 1004 mando
1294 974 1325 1005 el
1349 984 1386 1005 so
1412 975 1538 1005 sarneio
1564 974 1706 1005 Cliecho
1731 973 1775 1003 da
1792 972 1891 1008 Lion,
1918 972 1981 1002 che

1143 1026 1285 1057 dovesse
1312 1027 1366 1058 dir
1390 1038 1409 1057 a
1434 1027 1558 1058 mesier
1576 1027 1608 1058 lo
1626 1037 1673 1062 re,
1699 1036 1799 1058 como
1824 1025 1922 1066 quilli
1941 1025 1983 1055 cla

1141 1079 1284 1111 Vinesia
1315 1080 1414 1112 volea
1446 1082 1590 1112 assentit
1625 1080 1693 1110 alla
1728 1090 1787 1110 soa
1818 1078 1982 1119 peticion.

1140 1131 1200 1162 Ma
1224 1132 1257 1162 in
1283 1139 1404 1174 questo
1429 1144 1527 1175 meco
1547 1133 1647 1175 quilli
1666 1134 1710 1164 da
1727 1132 1870 1164 Vinesia
1887 1141 1982 1161 man-

1142 1186 1186 1216 do
1212 1186 1362 1217 etiandio
1387 1197 1423 1218 so
1454 1186 1655 1217 ambaxaori
1679 1197 1698 1216 a
1729 1186 1829 1231 (jara,
1861 1185 1892 1216 o'
1917 1184 1982 1214 che

1142 1249 1200 1269 era
1225 1239 1255 1270 el
1280 1239 1372 1270 dicto
1397 1250 1444 1270 re.
1491 1240 1505 1270 I
1531 1240 1622 1281 quali
1647 1239 1722 1270 rivo
1749 1237 1780 1269 la
1797 1238 1899 1280 nanci
1917 1238 1983 1269 cha

1140 1292 1151 1322 i
1177 1292 1257 1323 dicti
1283 1293 1425 1324 custode
1451 1299 1485 1324 et
1510 1293 1652 1325 Checho
1677 1292 1721 1323 da
1744 1291 1845 1323 Lion.
1892 1291 1934 1321 Et
1959 1289 1981 1320 li

1142 1355 1160 1375 a
1183 1345 1284 1388 Cara,
1308 1347 1430 1377 siando
1455 1353 1508 1378 tra
1533 1347 1563 1377 le
1581 1352 1677 1387 parte
1697 1347 1800 1376 molte
1817 1351 1851 1376 et
1875 1345 1980 1376 molte

1141 1409 1219 1431 cose
1256 1399 1421 1436 discusse,
1457 1399 1488 1430 el
1523 1399 1682 1440 predicto
1718 1400 1842 1429 mesier
1877 1397 1909 1428 lo
1943 1407 1981 1427 re

1140 1452 1207 1484 alla
1227 1453 1270 1483 fin
1296 1453 1337 1483 de
1364 1463 1444 1493 pase
1468 1464 1487 1483 a
1511 1452 1607 1494 quilli
1630 1452 1674 1483 da
1698 1451 1851 1488 Vinesia,
1865 1457 1899 1482 et
1923 1449 1980 1480 elli

1140 1505 1174 1536 ie
1206 1505 1337 1536 restitui
1368 1506 1471 1537 molte
1503 1505 1568 1536 cita
1594 1506 1636 1537 de
1668 1504 1841 1536 Dalmatia
1872 1510 1905 1534 et
1938 1503 1981 1533 de

1140 1559 1296 1596 Croacia‚
1333 1559 1372 1600 ςὸ
1413 1559 1447 1589 fo
1489 1559 1599 1590 Nona
1642 1558 1742 1603 Cara,
1781 1557 1980 1592 Sibenicho‚

1139 1611 1355 1649 Schardona,
1380 1613 1484 1650 Trah,
1510 1611 1677 1653 Spallato‚
1701 1612 1852 1653 Ragusa‚
1878 1610 1980 1642 Osse-

1140 1676 1190 1702 ro,
1214 1664 1356 1701 Cherso,
1381 1665 1486 1702 fflbe,
1510 1665 1672 1707 Curcola,
1690 1665 1820 1701 Lexua,
1837 1663 1930 1705 Pago
1948 1668 1981 1693 et

1140 1719 1264 1761 vegla.
1311 1719 1355 1750 Et
1379 1728 1490 1749 meser
1513 1718 1546 1748 1ο
1572 1729 1608 1749 re
1632 1717 1721 1749 lasso
1745 1716 1789 1748 ad
1814 1717 1871 1748 elli
1896 1716 1978 1746 libe-

1140 1779 1293 1804 ramente
1311 1773 1500 1815 Cozoeglan,
1526 1770 1743 1811 Sa[1·a]valle‚
1770 1770 1864 1807 Aslo‚
1892 1769 1978 1800 Ner-

1139 1837 1231 1864 vesa‚
1255 1826 1409 1867 Spineda
1437 1832 1470 1856 et
1497 1825 1527 1856 la
1545 1825 1633 1856 valle
1652 1825 1694 1856 de
1712 1824 1834 1855 Mareu
1852 1829 1885 1854 et
1903 1822 1979 1854 tutti

1139 1879 1146 1908 i
1172 1879 1246 1910 altri
1274 1879 1378 1920 luogi,
1404 1879 1468 1909 elie
1494 1879 1560 1909 ello
1586 1879 1696 1909 have-a
1721 1876 1878 1918 acquista
1895 1877 1929 1907 in
1949 1876 1979 1906 la

1139 1933 1280 1964 marcha
1297 1932 1471 1963 trivisana.
1519 1932 1561 1962 Et
1579 1931 1673 1962 volse
1687 1931 1717 1962 el
1736 1930 1894 1971 predicto
1911 1940 1980 1961 me-

1138 1986 1208 2018 sier
1230 1986 1264 2016 lo
1289 1995 1325 2016 re
1350 1986 1413 2015 che
1439 1985 1459 2015 ‘l
1485 1984 1666 2025 magnifico
1688 1983 1810 2014 mesier
1828 1984 1977 2014 France-

1137 2050 1196 2071 sco
1215 2040 1258 2070 da
1275 2039 1422 2070 Can-ara
1439 2038 1530 2069 fosse
1547 2037 1680 2068 incluso
1697 2037 1731 2068 in
1749 2041 1869 2079 questa
1886 2045 1979 2076 pase.

1139 2103 1238 2124 como
1262 2102 1298 2123 so
1323 2091 1522 2129 adherente,
1547 2097 1580 2122 et
1604 2096 1725 2132 questo
1757 2089 1886 2130 perche
1917 2098 1981 2130 per

1138 2146 1234 2187 quilli
1258 2146 1300 2176 da
1327 2145 1465 2175 Vinesia
1490 2143 1606 2185 vignia
1630 2143 1725 2174 dicto
1750 2143 1813 2174 che
1831 2152 1875 2173 no
1891 2142 1979 2174 sola-

1138 2205 1251 2230 mente
1270 2199 1300 2229 el
1319 2197 1501 2240 magnifico
1519 2196 1642 2227 inesier
1660 2196 1856 2227 Francesco
1871 2196 1980 2226 havea

1137 2253 1216 2284 aida
1241 2252 1271 2282 le
1297 2258 1400 2293 gente
1426 2250 1481 2280 del
1507 2260 1542 2280 re
1566 2249 1600 2279 in
1624 2249 1799 2285 trivisana,
1831 2259 1885 2279 ma
1914 2248 1978 2279 che

1137 2317 1199 2348 per
1222 2315 1281 2335 soa
1306 2314 1389 2334 ovra
1414 2303 1422 2332 i
1449 2312 1506 2333 era
1531 2308 1581 2333 sta
1606 2302 1688 2333 tolta
1706 2301 1797 2346 ‚Cam
1813 2307 1847 2332 et
1864 2301 1929 2332 che
1947 2301 1978 2332 le

1137 2370 1173 2391 so
1199 2364 1302 2400 gente
1322 2357 1353 2387 la
1376 2362 1477 2387 nocte
1503 2365 1570 2386 con
1594 2355 1624 2385 le
1640 2355 1733 2386 scale
1757 2356 1866 2385 havea
1884 2354 1979 2386 facta

1137 2414 1170 2444 la
1192 2412 1303 2454 prima
1325 2409 1470 2441 intrada.
1520 2410 1562 2441 La
1587 2408 1666 2450 qual
1698 2418 1780 2449 pase
1805 2417 1849 2438 no
1881 2407 1977 2450 segni

1137 2465 1242 2507 pereo
1260 2463 1331 2495 cosi
1348 2469 1447 2499 tostO,
1465 2462 1530 2493 che
1548 2462 1656 2503 prima
1672 2471 1735 2502 per
1752 2461 1761 2491 i
1779 2460 1975 2492 ambaxaori

1138 2519 1180 2550 de
1206 2517 1329 2548 mesier
1354 2518 1385 2546 lo
1409 2526 1499 2557 papa
1524 2515 1558 2546 fo
1575 2515 1687 2546 tracta
1705 2515 1747 2545 de
1765 2520 1901 2555 treuga;
1919 2513 1976 2554 po'

1138 2572 1205 2603 alla
1228 2572 1271 2601 fin
1296 2581 1357 2611 per
1381 2569 1392 2599 i
1418 2569 1614 2600 ambaxaori
1640 2568 1682 2598 de
1709 2567 1805 2609 quilli
1837 2568 1881 2597 da
1910 2566 1978 2598 Ve-

1137 2625 1229 2656 nesia
1254 2630 1285 2654 et
1310 2622 1554 2662 interposicion
1580 2620 1637 2653 del
1661 2620 1844 2662 magnifico
1860 2620 1978 2662 signor

1137 2678 1258 2708 mesier
1284 2677 1480 2707 Franeesco
1498 2674 1542 2705 da
1566 2674 1711 2706 Carrara
1728 2684 1793 2715 pur
1811 2682 1847 2703 se
1865 2681 1976 2703 venne

1136 2742 1154 2761 a
1181 2729 1304 2772 quella.
1347 2729 1414 2760 Per
1439 2727 1661 2759 celebracion
1686 2726 1779 2758 della
1797 2725 1876 2767 qual
1894 2735 1975 2766 pase

1226 2857 1265 2880 19·
1287 2848 1322 2878 le]
1348 2848 1426 2872 ambe
1448 2848 1473 2871 E
