2422 3684
520 246 694 282 GESTA
722 246 1020 281 MAGNIFICA
1051 246 1234 282 DOMUS
1265 247 1656 283 CARRARIENSIS

488 379 629 411 REDAZ.
653 378 686 411 A

159 448 340 490 ligatorum
364 450 526 487 adventu,
551 450 672 491 opibus
697 456 730 481 et
757 449 841 481 urbe
873 449 1002 481 relictis

158 501 203 533 ad
219 509 352 534 montes
372 503 621 544 confugerunt3
646 513 714 545 quo
738 503 879 534 intranti
903 502 1002 534 militi

158 555 371 587 obstaculum
395 556 525 588 nullum
549 556 626 587 fuit.
659 556 765 588 Cuius
783 556 834 587 rei
852 567 871 586 a
887 556 1002 598 legato

159 609 304 640 veritate
322 610 471 651 cognita,
495 615 630 640 rectore
654 616 794 645 semot0‚
812 609 1004 651 terrigenas

158 662 202 694 ad
226 662 366 703 propria
389 662 487 693 iussit
511 663 649 703 impune
673 672 842 694 remeare.

246 823 320 853 240.
359 841 399 846 —
438 822 490 853 De
530 830 646 853 mense
681 820 886 862 septembris
921 821 1003 852 anni

156 873 256 906 huius
272 875 308 905 in
321 873 460 905 civitate
477 873 594 905 Padue
613 873 879 905 convalescente
892 879 1002 913 peste,

155 927 367 969 magnificus
401 927 561 959 dominus
596 926 756 958 dominus
794 925 1002 957 Franciscus

156 980 269 1012 senior
293 981 336 1012 de
362 979 522 1012 Carraria
545 991 622 1012 cum
646 986 761 1012 cetera
785 980 917 1011 familia
941 989 1001 1010 sua

156 1035 202 1066 ad
224 1039 372 1066 castrum
396 1033 597 1072 Buvolente,
622 1032 716 1075 quod
739 1033 812 1074 ipse
847 1039 1003 1064 constru-

157 1093 265 1124 xerat,
290 1097 326 1118 se
357 1087 470 1125 traxit,
501 1087 572 1125 ubi,
604 1087 684 1118 dum
716 1093 815 1123 esset,
849 1092 1001 1118 estenses

155 1140 375 1172 marchiones
398 1139 565 1172 Nicolaus
589 1145 623 1171 et
646 1139 748 1181 Hugo
774 1140 898 1171 fratres
922 1150 1002 1170 cau-

153 1193 198 1224 sis
222 1193 376 1225 comunis
407 1193 544 1225 unionis
575 1193 778 1236 urgentibus
811 1193 1000 1224 consulturi

154 1246 266 1287 ipsum
300 1246 527 1288 magnificum
565 1246 742 1278 dominum
777 1246 1000 1277 Franciscum

155 1300 199 1330 ad
222 1299 333 1340 ipsum
358 1299 634 1340 co[n]venerunt‚
659 1305 693 1330 et
716 1299 859 1336 deinde,
885 1309 1000 1330 secum

154 1351 309 1384 Paduam
343 1353 555 1384 accedentes
590 1352 811 1384 comunitatis
847 1351 1001 1384 consiliis

155 1406 331 1448 solumque
357 1405 475 1438 Padue
501 1406 675 1438 celebrato
700 1406 860 1446 prandio,
879 1406 1001 1437 Ferra-

153 1460 239 1491 riam
262 1460 392 1491 reversi
415 1465 502 1491 sunt.
549 1459 702 1496 Interim,
729 1460 808 1490 dum
834 1460 908 1500 ipse
940 1459 1001 1491 do-

153 1514 265 1544 minus
289 1513 494 1545 Franciscus
517 1513 711 1544 Buvolente
736 1523 864 1544 moram
887 1514 1001 1544 trahe-

153 1573 217 1603 ret,
242 1566 470 1598 cancellarius
493 1566 584 1608 regis
602 1566 700 1607 Cipri
726 1572 759 1597 et
775 1565 915 1608 quidam
932 1567 1002 1597 fra-

155 1624 206 1648 ter
230 1617 352 1649 Petrus
369 1618 559 1655 carmelita,
578 1628 669 1649 nunc
687 1622 800 1649 autem
818 1618 1001 1658 episcopus

154 1671 330 1711 cretensis,
363 1671 405 1702 de
429 1671 588 1703 Romana
620 1671 715 1702 curia
746 1671 792 1702 ad
822 1671 998 1703 dominum

154 1729 322 1755 venerunt
343 1724 493 1766 legatum
517 1724 697 1756 tractaturi
723 1725 765 1755 de
781 1734 879 1765 pace,
898 1735 999 1766 quam

154 1777 312 1809 dominus
350 1777 528 1808 Bernabos
566 1777 818 1809 intercessione
858 1777 1000 1808 illustris

152 1831 243 1873 regis
267 1830 413 1862 Francie
430 1841 492 1871 per
507 1836 766 1872 procuratorem
784 1841 879 1862 suum
897 1831 1001 1862 simu-

154 1884 248 1916 labat
261 1890 392 1925 optare‚
405 1890 640 1926 ceperuntque
654 1894 758 1925 super
772 1884 846 1925 ipsa
860 1884 1000 1915 inienda

154 1947 240 1979 pace
264 1943 414 1969 tractare
439 1948 516 1968 cum
540 1938 614 1978 ipso
645 1937 787 1969 domino
819 1938 934 1979 legato
967 1945 1000 1969 et

152 1993 226 2032 ipse
252 2002 329 2023 cum
353 1991 527 2034 colligatis
542 1991 714 2029 Ecclesie,
738 2002 803 2034 que
827 1993 899 2023 visa
923 1998 1000 2024 sunt

153 2045 198 2076 ad
214 2055 286 2076 rem
304 2045 481 2087 expedire.
520 2045 564 2076 Et
581 2045 718 2076 demum
736 2045 870 2076 Cesene
888 2052 1000 2077 astan-

153 2097 243 2129 tibus
266 2098 558 2130 ambaxiatoribus
589 2098 856 2139 magnificorum
889 2099 999 2129 domi-

154 2161 273 2182 norum
309 2151 488 2183 Francisci
519 2152 562 2183 de
594 2150 757 2183 Carraria
791 2158 824 2182 et
855 2152 998 2183 estensis

152 2204 364 2235 marchionis
388 2215 496 2246 penes
512 2205 622 2246 ipsum
640 2204 818 2236 dominum
832 2205 997 2247 legatum,

154 2256 443 2289 ambaxiatoribus
481 2257 787 2289 consencientibus
822 2258 906 2299 ipsis
935 2269 999 2299 per

154 2310 284 2342 dIctum
301 2311 462 2352 legatum,
480 2311 784 2343 consencientibus
801 2311 909 2343 eciam
928 2322 999 2342 am-

155 2364 388 2396 baxiatoribus
412 2371 446 2396 et
468 2371 696 2406 procuratore
721 2365 850 2397 domini
870 2364 999 2396 Berna-

153 2417 266 2455 bonis,
281 2424 428 2460 treugua
444 2418 505 2450 sub
529 2418 737 2450 sufferentie
761 2418 899 2449 nomine
916 2418 996 2449 hinc

153 2470 235 2502 inde
259 2477 362 2512 pacta
386 2477 447 2508 est,
470 2481 539 2513 quo
563 2478 720 2513 tempore
746 2472 931 2503 deberetur
947 2472 998 2503 in-

154 2524 253 2555 terim
277 2524 320 2556 de
353 2535 440 2566 pace
472 2525 597 2556 discuti
624 2526 658 2556 in
691 2525 849 2557 Romana
883 2526 995 2561 curia;

155 2587 233 2619 quo,
256 2576 315 2608 die
337 2577 535 2609 novembris
567 2584 702 2615 octava,
731 2584 846 2619 partes
878 2588 996 2609 omnes

155 2629 323 2662 deberent
347 2632 494 2662 nuncios
517 2641 595 2662 suos
620 2632 802 2663 destinare.
850 2631 901 2662 Ex
929 2641 996 2673 quo

155 2681 310 2725 colligati
333 2683 400 2724 ipsi
425 2691 546 2726 gentes
563 2694 640 2715 suas
657 2690 877 2716 revocarunt.
916 2683 996 2720 Quo

154 2741 306 2776 peracto,
329 2747 409 2767 mox
432 2737 505 2778 ipse
530 2738 688 2770 dominus
712 2738 889 2769 Bernabos
913 2737 998 2769 civi-

155 2793 251 2826 tates,
276 2789 417 2821 bastitas
440 2796 473 2822 et
497 2797 618 2831 castra,
648 2801 715 2832 que
747 2791 841 2832 prius
870 2791 995 2822 fulcire

154 2851 222 2872 non
240 2847 384 2883 poterat,
408 2843 543 2875 cunctis
555 2843 694 2875 fulcivit
710 2844 898 2885 oportunis,
915 2854 997 2885 gen-

153 2893 323 2937 tibusque,
347 2905 433 2936 quas
455 2896 492 2927 in
516 2896 647 2936 campis
680 2896 840 2934 habebat,
872 2902 995 2939 gentes

153 2947 298 2985 addidit,
321 2948 370 2979 ita
392 2950 486 2990 quod
508 2959 572 2990 per
596 2949 665 2980 vim
698 2960 868 2981 armorum
895 2960 996 2991 opor-

152 3001 226 3038 tuit,
249 3007 285 3032 ut
316 3001 436 3034 civitas
459 3001 594 3034 Mutine
619 3002 812 3039 fulciretur,
836 3013 903 3045 que
927 3002 995 3034 dis-

284 3125 317 3150 T.
337 3126 421 3155 XVII,
442 3133 468 3158 p.
490 3134 508 3155 1,
528 3127 585 3152 vol.
613 3134 635 3151 11
654 3140 687 3145 —
707 3127 731 3152 8.

1070 930 1106 959 10

1071 1193 1106 1224 15

1066 1462 1106 1492 20

1062 2259 1101 2289 35

1062 2525 1102 2555 40

1483 379 1624 411 REDAz.
1648 380 1685 412 D

1162 457 1196 481 et
1220 450 1251 480 la
1276 450 1369 491 roba,
1395 450 1535 491 scampo
1561 451 1625 481 alle
1650 457 1848 493 montagne,
1876 452 1901 483 si
1936 454 2001 485 che

1162 503 1206 533 ad
1236 503 1343 535 intrar
1375 504 1498 535 dentro
1530 503 1574 535 da
1606 503 1723 535 Ascoli
1755 515 1799 535 no
1831 505 1867 536 fo
1898 506 2002 549 aigun

1162 557 1335 587 contrario
1360 557 1426 588 alla
1450 563 1550 598 gente
1573 557 1607 588 di
1622 557 1786 599 colligati.
1818 558 1858 589 El
1878 558 2003 600 legato,

1162 610 1293 650 sapuda
1319 609 1385 640 ben
1409 610 1441 640 la
1466 609 1572 640 verita
1596 609 1689 641 della
1714 620 1806 647 cosa,
1831 611 1916 642 tolse
1949 612 2004 642 via

1163 662 1206 692 de
1232 662 1251 692 li
1277 663 1355 704 quel
1380 668 1525 701 rectore,
1550 669 1584 694 et
1606 663 1616 693 i
1640 662 1807 694 Asculani
1826 663 1872 694 fe’
1889 670 2006 695 tornar

1162 725 1182 745 a
1206 724 1286 746 casa
1309 726 1413 758 senca
1436 717 1562 758 alguna
1586 726 1687 757 pena.

1251 822 1324 851 240.
1351 839 1390 843 —
1415 821 1468 852 De
1491 827 1612 863 questo
1640 832 1731 854 anno
1763 821 1918 859 instesso‚
1948 823 2003 854 del

1162 885 1253 906 mese
1268 874 1311 906 de
1325 875 1532 915 septembre,
1545 875 1666 907 siando
1680 875 1712 906 la
1729 875 1837 907 moria
1849 876 1884 906 in
1897 876 2002 914 Pava,

1163 928 1194 959 el
1219 927 1400 969 magnifico
1431 928 1554 959 mesier
1578 929 1774 960 Francesco
1799 928 1843 959 da
1874 927 2003 960 Carara

1163 991 1228 1013 con
1253 986 1341 1011 tutta
1359 980 1390 1010 la
1407 990 1467 1011 soa
1484 980 1610 1011 fameia
1627 981 1719 1012 ando
1736 981 1768 1012 al
1786 981 1842 1012 bel
1860 982 2004 1013 castello

1163 1033 1195 1064 di
1222 1033 1422 1072 Bovolenta‚
1447 1035 1511 1065 che
1536 1035 1603 1065 ello
1628 1034 1738 1066 havea
1763 1036 1867 1072 facto,
1885 1036 1914 1066 o’
1940 1041 2007 1067 sta-

1163 1087 1278 1127 gando
1301 1097 1363 1128 per
1387 1087 1471 1118 facti
1489 1088 1581 1119 della
1604 1087 1673 1130 liga
1696 1099 1808 1119 venne
1833 1099 1850 1119 a
1876 1088 1923 1119 lui
1940 1089 2006 1119 fina

1164 1140 1195 1171 al
1221 1140 1314 1172 dicto
1339 1141 1442 1182 luogo
1469 1141 1593 1172 Nicolo
1618 1148 1652 1172 et
1669 1142 1758 1184 Ugo,
1783 1142 1945 1173 marchisi
1962 1144 2005 1173 de

1163 1192 1234 1230 Est,
1248 1200 1280 1224 et
1303 1194 1358 1235 po‘
1384 1194 1425 1224 de
1450 1194 1592 1235 brigada
1617 1205 1683 1227 con
1708 1195 1754 1226 lui
1772 1206 1807 1226 se
1826 1207 1868 1226 ne
1894 1205 2005 1226 venne

1164 1246 1268 1285 Pava,
1293 1246 1323 1278 0'
1348 1247 1536 1279 solamente
1562 1248 1697 1279 disuadi
1715 1255 1748 1279 et
1764 1249 1854 1280 stadi
1872 1248 1907 1279 in
1925 1259 2006 1279 con—

1162 1300 1235 1331 seio
1259 1310 1294 1330 se
1319 1300 1417 1331 torno
1443 1312 1461 1331 a
1487 1301 1643 1332 Ferrara.
1690 1301 1726 1332 In
1753 1308 1873 1343 questo
1906 1312 2004 1344 meco

1162 1353 1227 1384 che
1252 1352 1274 1384 'l
1298 1353 1481 1395 magnifico
1514 1354 1632 1395 signor
1656 1354 1780 1386 mesier
1808 1356 2004 1386 Francesco

1163 1413 1258 1438 stava
1281 1418 1300 1437 a
1326 1406 1530 1444 Buvolenta,
1556 1407 1587 1438 el
1613 1408 1808 1440 canceliero
1832 1408 1889 1439 del
1907 1420 1942 1439 re
1960 1407 2004 1440 de

1162 1460 1267 1501 Cipro
1293 1467 1327 1491 et
1351 1471 1396 1492 un
1424 1461 1474 1491 fra
1503 1461 1605 1492 Piero
1631 1461 1673 1492 de
1699 1461 1852 1493 l‘ordene
1870 1461 1905 1493 di
1922 1462 2006 1494 Car-

1162 1514 1255 1550 mini,
1281 1520 1315 1545 et
1340 1513 1394 1554 po’
1419 1524 1566 1546 vescovo
1584 1514 1626 1546 de
1644 1513 1770 1551 Crede,
1787 1515 1830 1546 de
1849 1521 1942 1546 corte
1961 1516 2004 1547 de

1161 1567 1275 1598 Roma
1299 1577 1410 1598 venne
1435 1568 1466 1598 al
1492 1567 1605 1610 legato
1623 1579 1686 1609 per
1702 1574 1833 1600 tractar
1849 1568 1892 1600 de
1909 1579 2002 1610 pase,

1161 1620 1192 1651 la
1221 1620 1303 1661 qual
1326 1631 1389 1661 per
1412 1632 1456 1651 un
1481 1631 1518 1651 so
1542 1632 1753 1662 procuraore
1786 1633 1849 1662 per
1878 1623 2003 1654 intuito

1162 1673 1219 1704 del
1242 1684 1278 1704 re
1304 1674 1347 1704 de
1373 1674 1508 1716 Franca
1533 1680 1568 1706 et
1592 1685 1654 1716 per
1683 1685 1743 1706 soa
1774 1675 2002 1706 intercession

1161 1726 1284 1757 mesier
1302 1725 1459 1757 Bernabo
1477 1733 1648 1758 mostrava
1662 1727 1704 1758 de
1720 1728 1846 1759 volere.
1876 1728 1918 1758 Et
1932 1728 2004 1759 cosi

1160 1789 1260 1810 sovra
1284 1780 1316 1810 la
1336 1780 1428 1811 dicta
1446 1790 1527 1821 pase
1543 1780 1552 1810 i
1572 1780 1739 1823 comenco
1756 1792 1774 1812 a
1790 1787 1919 1812 tractar
1937 1791 2003 1812 con

1161 1832 1284 1863 mesier
1306 1833 1339 1864 lo
1366 1833 1478 1875 legato
1504 1840 1537 1864 et
1561 1833 1628 1864 ello
1654 1844 1719 1865 con
1744 1835 1753 1864 i
1773 1845 1811 1865 so
1829 1834 2002 1877 collegadi

1160 1885 1273 1927 quelle
1295 1896 1386 1924 cose,
1403 1888 1468 1917 che
1485 1896 1528 1929 ge
1547 1898 1651 1927 parea
1667 1886 1830 1929 bisognar
1846 1887 1878 1919 al
1897 1888 2000 1919 facto.

1160 1939 1203 1971 Et
1233 1951 1296 1981 pur
1319 1940 1385 1970 alle
1404 1941 1469 1971 fine
1487 1941 1656 1982 stagando
1674 1951 1694 1971 a
1709 1941 1845 1972 Cesena
1861 1952 2001 1982 apresso

1160 1992 1191 2024 el
1227 1993 1342 2035 legato
1376 1992 1387 2022 i
1422 1993 1619 2025 ambaxaori
1652 1994 1686 2025 di
1717 1994 1843 2035 signori
1879 1995 2003 2025 mesier

1161 2047 1354 2078 Francesco
1391 2046 1434 2077 da
1469 2047 1616 2078 Carrara
1651 2054 1685 2079 et
1720 2048 1775 2079 del
1811 2048 2001 2085 marchese,

1159 2101 1394 2131 consentando
1419 2101 1429 2130 i
1454 2100 1540 2132 dicti
1565 2101 1762 2132 ambaxaori
1788 2108 1820 2132 et
1849 2101 2000 2132 etiandio

1158 2153 1169 2183 i
1195 2153 1392 2185 ambaxaori
1411 2165 1428 2184 e
1447 2153 1468 2184 ’1
1485 2153 1699 2195 procurador
1717 2155 1759 2186 de
1777 2155 1899 2186 mesier
1917 2154 2000 2185 Ber-

1158 2207 1258 2244 nabo,
1285 2207 1329 2238 da
1346 2207 1436 2238 l’una
1453 2213 1486 2238 et
1504 2207 1614 2238 l'altra
1631 2214 1729 2249 parte
1748 2208 1785 2238 fo
1802 2208 1895 2239 facta
1912 2215 2001 2238 treu-

1158 2270 1220 2302 ga;
1248 2260 1304 2291 nel
1326 2261 1404 2302 qual
1430 2266 1544 2302 tempo
1567 2261 1602 2292 in
1635 2261 1715 2303 quel
1747 2271 1845 2303 meco
1872 2272 1907 2292 se
1939 2261 2001 2292 do-

1159 2322 1255 2342 vesse
1280 2318 1408 2343 tractar
1432 2312 1474 2343 de
1493 2323 1574 2353 pase
1599 2313 1634 2343 in
1653 2313 1683 2343 la
1701 2320 1796 2344 corte
1815 2314 1857 2343 de
1875 2312 1998 2354 Roma,

1159 2365 1225 2395 alla
1250 2366 1328 2407 qual
1347 2371 1453 2402 corte,
1477 2366 1533 2396 adi
1558 2372 1628 2397 otto
1649 2366 1683 2396 di
1701 2366 1899 2404 novembre,
1916 2372 1999 2396 tutte

1159 2417 1189 2450 le
1213 2424 1310 2459 parte
1336 2419 1480 2450 dovesse
1505 2419 1611 2450 haver
1634 2420 1757 2450 manda
1785 2420 1794 2450 i
1820 2430 1857 2451 so
1889 2419 2000 2450 messi.

1158 2470 1224 2502 Per
1247 2471 1281 2503 la
1305 2472 1383 2513 qual
1409 2482 1489 2503 cosa
1511 2472 1589 2503 tutti
1606 2472 1616 2502 i
1635 2472 1797 2514 eolligadi
1825 2472 1950 2503 revoco
1967 2473 1998 2502 16

1157 2534 1194 2556 so
1219 2531 1332 2567 gente.
1382 2525 1425 2555 Et
1448 2524 1561 2556 subito
1586 2525 1708 2556 mesier
1733 2524 1890 2556 Rei-nabo
1908 2525 1999 2555 torni

1157 2578 1189 2609 16
1214 2588 1250 2609 so
1275 2578 1354 2615 cita,
1379 2578 1512 2609 castelli
1537 2584 1570 2609 et
1593 2578 1713 2615 bastie‚
1737 2578 1769 2609 le
1798 2578 1898 2619 quale
1931 2578 1998 2609 ello

1158 2642 1201 2662 no
1226 2631 1335 2662 havea
1366 2632 1466 2671 possu
1498 2631 1628 2662 fornire
1662 2632 1704 2662 de
1736 2637 1821 2662 tutte
1854 2631 1886 2661 le
1918 2641 1998 2662 cose

1158 2684 1359 2721 necessarie,
1384 2690 1417 2715 et
1440 2684 1506 2714 alle
1531 2691 1645 2726 gente,
1671 2686 1735 2715 che
1754 2684 1820 2715 ello
1837 2685 1946 2715 havea
1963 2685 1998 2715 in

1157 2748 1292 2779 campo,
1317 2747 1441 2779 aconse
1466 2737 1552 2768 altre
1577 2744 1688 2779 gente,
1714 2748 1777 2778 per
1808 2737 1908 2768 modo
1934 2737 1998 2767 che

1156 2791 1310 2821 Modena
1334 2800 1512 2822 convenne
1536 2800 1628 2822 esser
1653 2790 1790 2821 formida
1815 2801 1876 2831 per
1902 2790 1999 2833 forca

1157 2843 1296 2874 d’arme.
1335 2843 1385 2874 La
1410 2843 1490 2884 qual
1514 2854 1577 2884 per
1601 2843 1726 2874 disasio
1751 2842 1804 2873 de’
1831 2843 1998 2874 victoaria

1156 2902 1251 2926 stava
1275 2906 1292 2926 a
1316 2905 1401 2937 gran
1426 2896 1593 2938 perigolo.
1640 2895 1683 2926 Et
1706 2906 1769 2936 per
1786 2901 1906 2937 questo
1924 2905 1998 2927 sen-

1155 2949 1299 2979 tandose
1324 2958 1416 2979 esser
1446 2948 1610 2990 inganadi
1634 2949 1643 2979 i
1668 2948 1841 2990 magnifici
1866 2948 1997 2990 signori

1155 3002 1279 3032 mesier
1312 3001 1508 3034 Francesco
1541 3001 1584 3034 da
1615 3001 1762 3033 Cal-rara
1793 3008 1827 3033 et
1859 3001 1998 3040 Nicolo,
