2422 3684
454 224 499 257 {14
829 221 999 257 GESTA
1028 220 1332 257 MAGNIFICA
1363 220 1548 257 DOMUS
1578 218 1968 256 CARRARIENSIS

774 354 914 386 REDAz.
939 354 971 386 A

451 430 512 456 est.
560 423 628 462 Qui
660 435 855 466 supremum
887 430 968 456 ante
1001 424 1105 461 diem,
1137 424 1218 455 dum
1251 435 1292 455 ex

450 477 590 519 egregia
613 477 754 509 domina
773 477 889 519 Lippa
912 478 956 510 de
983 477 1133 508 Ariostis
1158 477 1200 508 de
1226 477 1292 508 Bo-

452 530 555 562 nonia
579 537 646 562 tam
672 530 733 562 diu
756 537 835 562 ante
853 531 947 562 filios
964 536 1191 571 procreasset,
1209 541 1294 572 quos

450 583 610 616 Ferrarie
634 583 792 616 dominos
814 583 1030 620 intendebat,
1054 584 1189 620 multos,
1216 583 1293 625 qui-

452 636 515 668 bus
538 637 638 677 piene
665 637 879 674 confidebat,
905 636 1034 667 milicie
1062 636 1202 678 cingulo
1234 637 1292 667 de-

452 690 596 727 coravit,
614 690 700 721 fidei
717 697 851 732 sumpta
869 690 1066 731 sponsione,
1084 691 1177 731 quod
1194 690 1295 722 dictis

453 743 535 774 filiis
552 749 724 785 tamquam
742 743 889 775 dominis
905 743 1069 784 legitimis
1085 743 1121 774 in
1138 743 1295 774 omnibus

453 802 616 837 parerent
639 807 673 827 se
699 802 732 827 et
755 807 833 827 suos
858 806 919 837 pro
943 796 994 827 sui
1023 796 1166 828 dominii
1190 796 1296 828 tutela

454 849 614 891 periculis
640 850 774 881 cunctis
798 849 1025 890 exposituros.
1065 849 1196 891 Sicque
1214 850 1297 880 Fer-

454 902 542 934 rarie
575 903 732 933 dominus
766 902 913 933 filiorum
944 903 1076 942 primus
1099 902 1296 934 Aldrovan-

455 956 555 986 dinus
570 956 741 993 statuitur,
761 956 947 986 Francisco
972 962 1006 987 et
1029 955 1190 987 Renaido
1207 966 1296 986 mar-

454 1009 635 1040 chionibus
659 1019 736 1040 cum
761 1008 967 1050 sequacibus
990 1015 1023 1039 et
1047 1008 1168 1040 amicis
1196 1010 1296 1040 here-

454 1062 578 1093 ditaria
604 1069 638 1093 et
668 1062 779 1104 patria
803 1062 955 1103 expulsis
987 1063 1029 1094 ab
1056 1062 1151 1094 urbe.
1201 1061 1298 1099 Quos

454 1116 594 1158 fugatos
624 1116 849 1158 suprascripti
887 1116 1014 1147 domini
1048 1116 1233 1148 Iacobinus
1264 1121 1299 1147 et

455 1169 663 1201 Franciscus
688 1170 730 1200 de
755 1169 916 1201 Carraria
941 1180 1016 1200 cum
1049 1170 1117 1201 suis
1141 1169 1299 1202 omnibus

454 1222 650 1254 honorifice
675 1228 708 1254 et
733 1223 928 1254 humaniter
951 1229 1188 1264 susceperunt.

547 1321 617 1352 186.
651 1341 690 1346 —
724 1320 825 1352 Anno
857 1320 986 1352 domini
1017 1321 1196 1352 millesimo
1232 1326 1300 1352 tre-

456 1374 642 1406 centesimo
667 1374 952 1416 quinquagesimo
976 1374 1097 1411 tercio,
1112 1374 1167 1405 die
1193 1383 1300 1405 xvnn

456 1427 580 1457 mensis
604 1427 759 1463 ianuarii,
783 1427 992 1469 magnificus
1016 1428 1174 1459 dominus
1191 1426 1301 1467 [Iaco-

457 1480 570 1521 binus]
589 1481 631 1511 de
647 1480 826 1512 Carraria¹
851 1492 992 1512 uxorem
1013 1481 1109 1513 duxit
1126 1482 1300 1513 dominam

457 1533 696 1574 Margaritam,
732 1534 842 1565 filiam
883 1534 1013 1566 domini
1051 1534 1223 1566 Guidonis
1258 1535 1300 1565 de

459 1585 635 1628 Goncaga,
652 1587 766 1618 multis
783 1587 993 1618 Lombardie
1007 1587 1181 1619 nobilibus
1193 1587 1303 1618 socia-

458 1647 536 1678 tam,
561 1641 730 1672 videlicet
755 1642 798 1673 de
825 1642 999 1684 Goucaga‚
1025 1642 1068 1672 de
1093 1642 1252 1684 Corrigia
1270 1647 1302 1673 et

459 1693 610 1725 aliunde.
657 1694 696 1725 In
722 1694 817 1725 cuius
842 1694 995 1726 adventu
1020 1695 1051 1726 ei
1069 1695 1221 1726 occurrit
1238 1694 1302 1725 Pa-

460 1748 648 1778 duanorum
674 1747 833 1779 nobilitas
860 1748 1031 1786 universa,
1055 1748 1190 1790 fuitque
1219 1754 1301 1780 tunc

460 1800 579 1832 Padue
605 1801 701 1831 curia
723 1801 897 1843 generalis
921 1801 1114 1838 celebrata3
1139 1802 1230 1832 fiunt
1254 1801 1303 1832 io·

460 1860 539 1890 stre,
558 1854 719 1885 astiludia
736 1854 1021 1896 diversorumque
1042 1855 1196 1896 gentium
1215 1855 1303 1886 luda.

463 1907 502 1937 In
526 1906 650 1948 quibus
673 1906 811 1949 quidem
835 1907 970 1948 nupciis
995 1913 1062 1938 tam
1088 1918 1106 1938 a
1135 1907 1305 1939 nobilibus

462 1959 578 1990 Padue
605 1971 705 2002 quam
738 1959 869 2001 plebeis
901 1961 1041 1991 suerunt
1071 1960 1134 2001 ipsi
1163 1961 1304 1992 domino

462 2012 637 2050 Iacobino,
663 2014 818 2055 quamvis
835 2013 910 2044 fere
935 2013 1051 2050 invito,
1068 2014 1103 2044 in
1120 2014 1232 2044 aureis
1249 2024 1304 2044 va-

461 2068 518 2103 sis,
544 2066 627 2098 listis
651 2072 684 2098 et
707 2066 809 2098 rebus
833 2067 909 2098 aliis
930 2066 1148 2108 pulcerrimis
1165 2066 1305 2109 egregia

461 2119 567 2150 multa
592 2120 731 2158 donata,
755 2119 799 2151 de
824 2119 948 2161 quibus
971 2120 1180 2161 magnificus
1196 2120 1305 2151 domi-

462 2183 526 2203 nus
556 2173 711 2209 Iacobus,
743 2174 861 2214 paucis
892 2172 1043 2213 retentis,
1075 2172 1170 2214 quasi
1203 2178 1307 2203 cunta

464 2225 616 2257 donavit.

557 2323 626 2358 187.
645 2342 685 2346 —
705 2324 837 2357 Eodem
856 2334 945 2356 anno
964 2324 1180 2361 Franciscus,
1196 2329 1308 2355 esten-

464 2377 510 2408 sis
534 2377 699 2415 marchio,
724 2388 790 2408 una
811 2389 888 2409 cum
906 2377 1047 2408 domino
1065 2376 1249 2408 Malatesta
1266 2377 1307 2407 de

465 2432 634 2472 Arimino,
651 2433 824 2463 avunculo
841 2442 902 2463 suo
916 2431 937 2468 ²,
956 2431 1117 2472 omnique
1132 2432 1206 2462 eius
1219 2430 1308 2461 mili-

466 2486 519 2516 cia
534 2491 567 2516 et
581 2485 734 2525 peditum
751 2484 970 2516 multitudine
988 2483 1141 2524 copiosa,
1160 2489 1308 2515 tractatu

466 2537 583 2568 habito
609 2546 686 2567 cum
718 2537 857 2568 domino
890 2536 1056 2568 Galeaeio
1088 2536 1132 2568 de
1160 2535 1310 2567 Medicis

467 2590 510 2621 de
535 2589 707 2628 Ferraria,
731 2590 982 2632 equitaverunt,
995 2596 1031 2621 ut
1049 2590 1241 2622 Ferrariam
1258 2589 1310 2619 in-

466 2649 609 2675 trarent.
644 2643 697 2674 Ex
713 2654 781 2685 quo
796 2643 1003 2685 magnificus
1027 2642 1188 2674 dominus
1206 2642 1310 2673 Fran-

469 2698 581 2727 ciseus
605 2697 648 2727 de
667 2695 827 2727 Carraria
844 2706 919 2726 cum
938 2696 1089 2738 equitum
1107 2702 1141 2727 et
1157 2695 1309 2737 peditum

468 2750 622 2782 exercitu
639 2749 849 2780 validissimo
873 2749 909 2780 in
924 2749 1042 2792 vigilia
1059 2750 1169 2781 sancti
1186 2749 1310 2780 Iohan-

561 2995 568 3011 ¹
590 2995 724 3025 Cossrus„
748 2996 887 3024 Chronica,
907 2994 942 3026 X,
961 3002 986 3026 9.

1364 851 1401 882 10

1366 1115 1402 1147 15

1364 1435 1406 1465 20

1367 1701 1406 1732 25

1369 1967 1409 1999 30

1372 2223 1411 2255 35

1374 2541 1414 2570 40

1773 351 1912 386 REDAZ.
1941 351 1974 384 D

1452 423 1519 455 ello
1555 423 1649 455 volse
1681 423 1715 455 13
1744 433 1804 454 soa
1834 423 1893 461 fe',
1925 422 1990 455 che
2023 421 2082 453 elli
2112 422 2292 465 tegnirave

1451 485 1541 518 ogno
1565 476 1668 507 modo
1692 475 1737 507 de
1760 475 1814 507 far
1837 475 1847 506 i
1873 475 1943 506 fioli
1966 474 2108 516 signori.
2154 475 2201 507 Et
2223 474 2295 507 cosi

1450 530 1611 561 advenne
1637 528 1715 567 che,
1737 534 1849 560 morto
1866 528 1899 560 el
1915 528 2009 560 dicto
2027 528 2205 560 marchese
2223 528 2295 570 Op-

1451 582 1539 624 pico,
1562 582 1596 613 el
1618 591 1654 612 so
1687 582 1930 624 primogenito,
1962 581 2024 625 coe
2056 580 2089 612 el
2118 580 2296 613 marchese

1454 633 1705 673 Aldrovandin,
1729 635 1766 666 fo
1791 635 1920 666 creado
1944 635 2071 677 signor.
2117 634 2162 665 Et
2189 633 2297 665 allora

1454 689 1489 720 fo
1512 688 1642 731 cacado
1660 687 1704 719 de
1721 689 1869 719 Ferrara
1886 697 1952 719 con
1968 687 2055 719 tucti
2073 687 2084 717 i
2100 697 2137 718 so
2153 687 2295 729 seguaci

1452 747 1486 772 et
1509 741 1607 773 amisi
1632 741 1643 772 i
1669 740 1840 773 marchesi
1857 740 2053 772 Francesco
2071 746 2107 772 et
2125 740 2297 776 Renaldo,

1454 795 1464 825 i
1488 794 1592 836 quali,
1617 794 1761 836 vignudi
1785 804 1805 824 a
1828 793 1932 830 Pava,
1957 803 2024 825 con
2049 793 2144 830 meti,
2168 793 2298 835 amige-

1455 849 1533 879 vole
1565 854 1599 879 et
1630 847 1939 878 honorevolmente
1971 847 2008 878 fo
2037 845 2206 878 recevudi
2241 844 2298 877 dai

1455 900 1629 942 magnifici
1653 900 1782 943 signori
1807 899 1950 932 Iacobin
1975 905 2009 931 et
2034 899 2230 930 Francesco
2255 898 2299 929 da

1456 954 1613 987 Carrara.

1552 1326 1621 1357 186.
1647 1343 1686 1348 —
1716 1325 1781 1357 Nel
1813 1324 1905 1356 mille
1937 1329 2090 1356 tresento
2114 1325 2302 1366 cinquanta

1458 1379 1512 1416 tri,
1535 1377 1592 1410 adi
1615 1379 1790 1410 desenove
1813 1377 1857 1410 de
1882 1388 2020 1420 cenaro.
2058 1377 2101 1409 El
2117 1377 2301 1420 magnifico

1458 1432 1576 1474 signor
1606 1432 1759 1464 Iacomin
1797 1432 1840 1463 da
1874 1432 2023 1463 Carrara
2058 1430 2158 1462 meno
2194 1430 2303 1462 moier

1459 1486 1608 1517 madona
1631 1485 1829 1527 Margarita,
1861 1484 1942 1516 fiola
1973 1485 2017 1516 de
2050 1495 2160 1516 meser
2188 1483 2302 1516 Guido

1460 1538 1505 1570 da
1528 1538 1704 1580 Goncaga‚
1728 1537 1991 1579 acompagnada
2015 1536 2059 1568 da
2083 1536 2180 1568 molti
2196 1535 2302 1568 nobili

1461 1592 1504 1623 de
1528 1591 1748 1629 Lambardia,
1766 1591 1828 1633 coe
1854 1591 1898 1621 da
1915 1590 2091 1633 Goncaga,
2109 1590 2154 1622 da
2170 1589 2302 1632 Coreco

1462 1651 1496 1677 et
1512 1644 1680 1676 altronde.
1713 1644 1751 1675 In
1768 1644 1802 1676 lo
1818 1643 1933 1685 vignir
1950 1643 2029 1674 (1613
2045 1643 2148 1685 quale
2165 1643 2196 1675 ie
2213 1641 2303 1690 angio

1462 1698 1619 1730 incontra
1639 1697 1723 1729 tucti
1741 1698 1751 1728 i
1769 1696 1876 1728 nobili
1895 1697 1937 1728 de
1955 1695 2059 1734 Pava,
2076 1701 2111 1727 et
2127 1696 2163 1728 fo
2180 1702 2303 1738 tegnu-

1463 1751 1507 1783 do
1525 1757 1620 1783 corte
1637 1750 1803 1793 generale
1822 1756 1854 1781 et
1867 1750 1904 1782 fo
1918 1750 2011 1781 facte
2028 1756 2152 1792 costre,
2168 1748 2303 1780 baiordi

1463 1810 1497 1836 et
1525 1804 1603 1836 altri
1638 1803 1765 1835 diversi
1797 1803 1911 1845 cuogi.
1956 1803 1995 1834 In
2028 1802 2059 1834 le
2093 1803 2173 1845 qual
2205 1812 2304 1846 noce,

1465 1857 1535 1889 cosi
1560 1857 1616 1889 dai
1642 1856 1746 1888 nobili
1773 1857 1816 1887 de
1838 1855 1931 1887 Pava
1949 1866 2048 1887 como
2065 1856 2121 1886 dai
2137 1855 2304 1896 povolari‚

1463 1911 1558 1941 molti
1581 1910 1669 1942 richi
1695 1910 1777 1941 doni
1802 1909 1834 1939 in
1861 1909 1931 1940 vasi
1949 1908 2058 1946 d’oro,
2074 1909 2151 1940 liste
2167 1915 2201 1940 et
2217 1909 2304 1940 altre

1464 1973 1556 2002 cose,
1581 1963 1617 1994 fo
1641 1962 1823 2004 apresenta
1852 1962 1884 1992 al
1907 1962 2103 1993 sovradicto
2120 1961 2305 2004 magnifico

1465 2016 1626 2054 Iacomin‚
1645 2015 1734 2047 delle
1760 2015 1840 2057 qual
1867 2024 1958 2051 cose,
1983 2014 2096 2055 poche
2113 2014 2305 2056 retegnude

1464 2070 1500 2101 in
1523 2069 1560 2110 si,
1587 2069 1629 2101 de
1654 2074 1747 2100 tucte
1772 2069 1803 2100 61
1828 2068 1875 2099 fe'
1902 2068 2051 2109 presenti
2076 2068 2121 2099 ad
2150 2067 2261 2099 altrui.

1560 2325 1629 2360 187.
1642 2344 1683 2348 —
1697 2326 1750 2357 En
1762 2326 1841 2367 quel
1855 2336 1946 2357 anno
1961 2325 2085 2356 mesier
2098 2326 2308 2362 Francesco,

1469 2379 1645 2411 marchese
1669 2380 1712 2411 de
1738 2378 1809 2415 Est,
1833 2378 2004 2410 insembre
2022 2388 2087 2410 con
2103 2388 2216 2409 meser
2231 2377 2308 2409 Ma-

1469 2433 1590 2464 latesta
1613 2431 1657 2462 de
1682 2431 1851 2469 Arimino,
1869 2442 1906 2463 so
1923 2431 2041 2469 barba,
2065 2431 2180 2463 habuo
2196 2430 2309 2472 prima

1467 2490 1615 2517 tractato
1640 2494 1706 2515 con
1731 2483 1762 2515 lo
1785 2484 1928 2526 egregio
1961 2484 2157 2515 chavaliero
2182 2483 2309 2515 mesier

1469 2538 1611 2580 Galiaco
1637 2537 1671 2568 di
1699 2536 1836 2577 Medisi,
1870 2537 2001 2569 citadin
2023 2537 2208 2573 ferrarese,
2239 2545 2306 2568 con

1469 2591 1550 2633 ogni
1574 2601 1634 2622 soa
1658 2597 1761 2632 gente
1785 2591 1830 2622 da
1853 2590 1986 2622 cavallo
2016 2596 2049 2622 et
2079 2600 2165 2632 gran
2196 2588 2309 2621 molti-

1467 2644 1586 2675 tudine
1610 2643 1654 2674 de
1679 2643 1807 2684 pedoni
1841 2643 2009 2675 cavalcho
2041 2652 2104 2685 per
2134 2643 2244 2674 intrar
2274 2641 2308 2673 in

1469 2696 1626 2728 Ferrara.
1674 2695 1740 2726 Per
1773 2696 1804 2727 la
1835 2696 1913 2738 qual
1945 2706 2025 2728 cosa
2061 2695 2093 2726 el
2124 2694 2308 2738 magnifico

1468 2750 1587 2794 signor
1611 2750 1805 2781 Francesco
1837 2750 1960 2782 vechio
1992 2751 2038 2782 da
2067 2749 2215 2782 Carrara
2244 2758 2310 2780 con

1563 2880 1602 2898 11.
1622 2872 1768 2897 Iacobinin
1790 2874 1817 2897 P

1507 2987 1518 3003 ²
1538 2989 1582 3014 Cf.
1603 2989 1737 3018 Com-us,
1761 2988 1898 3018 Chronica,
1918 2989 1952 3019 X,
1974 2989 1999 3013 8.
