2422 3684
416 247 461 282 86
756 243 930 278 GESTA
960 243 1265 279 MAGNIFICA
1294 243 1479 278 DOMUS
1508 243 1899 280 CARRARIENSIS

725 376 865 408 REDAz.
898 375 929 407 A

410 448 585 490 r[a]vallis‚
622 447 965 479 Castrumfranchum
1008 445 1153 480 obsidet,
1189 446 1255 477 alia

412 501 556 534 Venetis
585 502 709 532 damna
738 500 845 531 infert
877 500 1067 535 innumera,
1099 499 1187 529 adeo
1217 505 1255 530 ut

411 555 505 596 ipsos
529 554 573 585 ad
595 565 787 595 supremam
816 554 933 595 adigat
958 552 1255 592 desperacionem.

414 608 615 640 Diffidentes
637 607 739 649 igitur
762 617 862 648 posse
887 605 981 648 regie
999 605 1160 646 potencie
1178 605 1256 636 viri-

414 663 476 694 bus
500 662 652 699 obviare,
687 661 920 704 legacionibus
951 658 1095 690 assiduis
1126 659 1258 701 magni-

414 717 522 747 ficum
555 715 731 746 dominum
764 713 990 743 Franciscum
1019 722 1123 753 prece
1154 711 1257 753 depo-

416 774 517 800 scunt
532 767 551 804 ¹,
577 773 613 799 ut
637 767 781 798 animum
815 764 1030 806 permulceat
1054 764 1186 807 regium
1213 770 1256 804 et,

415 821 530 853 cordis
553 831 699 852 rancore
725 820 893 860 deposim,
925 818 1033 859 ipsum
1058 818 1102 849 ad
1134 827 1256 859 pacem

414 874 566 911 inducat,
591 884 668 904 cum
700 873 767 903 sint
800 871 1032 912 peticionibus
1063 870 1169 913 regiis
1201 882 1260 902 an-

415 937 520 958 nuere
545 926 666 968 parati.
716 924 770 956 Ad
797 925 892 955 cuius
916 934 1038 965 preces
1062 924 1168 955 flexus
1184 924 1258 965 ipse

417 981 573 1011 dominus
599 978 814 1015 Francsscus,
840 984 908 1008 tum
941 977 1049 1009 eciam
1074 977 1153 1019 quia
1177 977 1260 1018 ipsis

416 1033 626 1066 afficiebatur
644 1032 749 1063 corde
774 1041 871 1071 puro,
894 1029 1127 1061 venerabilem
1151 1030 1259 1061 virum

417 1087 591 1118 dominum
619 1085 835 1127 Gregorium‚
868 1084 1049 1115 custodem
1080 1084 1261 1115 varadien-

417 1151 498 1176 sem,
511 1139 601 1181 regis
620 1137 953 1175 vicecancellarium‚
973 1138 1029 1179 qui
1045 1144 1125 1168 tunc
1142 1137 1260 1169 Padue

416 1193 601 1228 residebat,
615 1198 665 1223 set
679 1191 724 1223 ad
738 1201 853 1233 regem
869 1191 1119 1232 profecturum,
1132 1201 1261 1221 summa

419 1257 520 1289 prece
538 1245 582 1277 de
601 1256 686 1286 pace
703 1245 841 1287 rogavit
855 1244 1010 1286 misitque
1025 1253 1100 1275 cum
1114 1254 1154 1275 eo
1171 1242 1261 1275 Che-

419 1301 518 1332 chum
539 1299 582 1330 de
599 1298 729 1334 Leone,
754 1298 959 1328 familiarem
985 1308 1092 1333 suum,
1116 1297 1190 1338 regi
1209 1307 1261 1328 re-
1296 1333 1297 1338 ¹

419 1354 563 1384 laturum
581 1352 670 1383 velle
688 1351 843 1382 Venetos
867 1351 936 1381 suis
961 1350 1194 1392 peticionibus
1210 1361 1264 1381 as-

419 1407 558 1437 sentire.
606 1405 677 1436 Hos
709 1411 819 1435 autem
846 1403 991 1438 Iadram,
1016 1404 1072 1435 ubi
1098 1410 1180 1435 tunc
1204 1414 1264 1434 rex
1296 1428 1298 1432 Α

420 1466 504 1497 erat,
542 1459 668 1490 Veneti
707 1465 947 1499 precesserant
986 1458 1092 1500 legati
1107 1457 1128 1488 ².
1175 1457 1263 1488 Nam

419 1512 532 1543 multis
568 1511 732 1543 discussis
764 1511 844 1543 hinc
877 1511 969 1548 inde,
1001 1511 1074 1552 ipse
1107 1510 1265 1542 dominus

419 1576 480 1596 rex
515 1565 654 1596 tandem
687 1565 731 1595 ad
767 1574 890 1605 preces
925 1564 1103 1605 magnifici
1136 1563 1264 1594 domini

420 1619 597 1650 Francisci
623 1619 666 1649 de
691 1617 851 1649 Carraria
884 1627 1005 1659 pacem
1032 1617 1178 1648 Venetis
1206 1617 1266 1648 ob-

421 1672 495 1704 tulit
508 1673 736 1703 necessariam
755 1671 864 1712 magis
877 1682 976 1713 quarn
994 1670 1266 1707 honorabilenff,

421 1736 489 1768 quo
513 1733 616 1766 pacto
642 1725 767 1757 Veneti
790 1725 939 1756 debeant
956 1735 1075 1756 omnes
1100 1724 1267 1761 civitates,

421 1785 531 1810 castra
557 1785 591 1810 et
608 1778 696 1816 loca,
721 1789 787 1819 que
812 1783 930 1809 tenent
954 1777 988 1808 in
1012 1777 1168 1819 partibus
1185 1777 1266 1808 Dal-

422 1832 530 1864 macie
555 1839 586 1863 et
604 1831 760 1868 Croacie‚
785 1831 965 1869 relassare,
983 1837 1017 1862 et
1033 1831 1190 1862 dominus
1206 1841 1268 1862 rex

422 1886 471 1918 eis
494 1886 603 1917 libere
628 1885 782 1916 dimictat
811 1884 1059 1925 Conegbmum,
1083 1882 1268 1925 Ser[a]val-

422 1940 466 1978 le,
491 1939 646 1974 Asillum,
675 1938 889 1974 Nervesiam‚
914 1937 1106 1978 Spinetam,
1130 1937 1268 1968 Vallem
1300 1934 1301 1948 l

423 1992 557 2024 Mareni
587 1997 620 2023 et
651 1992 727 2022 loca
759 1991 837 2027 alia,
871 2000 937 2032 que
973 1991 1201 2031 acquisiverat
1232 1991 1265 2022 in

423 2046 583 2078 Marchia
610 2045 802 2076 Tarvisina.
843 2044 992 2075 Nomina
1010 2051 1123 2075 autem
1141 2044 1267 2075 insula-

424 2111 498 2130 rum
516 2105 550 2130 et
573 2106 752 2134 terrarum,
770 2107 854 2139 quas
880 2097 1006 2129 Veneti
1031 2097 1067 2128 in
1091 2097 1267 2128 Dalmacia

425 2158 459 2184 et
495 2153 642 2184 Croacia
677 2151 851 2187 tenebant,
887 2151 976 2182 adeo
1007 2156 1043 2181 ut
1074 2161 1143 2181 non
1175 2157 1267 2182 extet

424 2205 672 2247 occupacionis
705 2206 807 2242 fama,
838 2204 902 2236 ista
934 2209 1028 2235 sunt:
1060 2204 1172 2241 Iadra,
1206 2204 1268 2236 Se-

1731 375 1871 408 REnAz.
1896 376 1934 408 D

1415 445 1563 478 Carrara
1587 447 1687 479 torno
1710 447 1861 478 vinceori
1885 459 1904 479 a
1929 458 2018 481 casa.
2064 447 2102 479 In
2136 455 2256 490 questo

1416 509 1516 540 meco
1540 509 1603 541 per
1625 500 1635 530 i
1658 500 1857 532 ambaxaori
1889 501 1932 532 de
1957 500 2083 532 mesier
2109 500 2142 532 10
2166 511 2258 543 papa

1417 552 1452 583 fo
1477 552 1571 583 facta
1589 559 1708 595 treuga
1731 553 1774 584 de
1798 553 1924 596 cinque
1948 553 2043 591 mesi,
2066 554 2102 584 in
2118 554 2153 585 10
2178 554 2258 596 qual

1341 604 1358 635 5
1417 612 1533 646 tempo
1556 616 1592 636 se
1617 612 1782 638 tractasse
1800 607 1842 638 de
1860 617 1953 648 pase.
1992 606 2036 638 Et
2061 616 2124 648 per
2139 613 2257 649 questo

1417 659 1513 701 quilli
1537 659 1581 690 da
1605 659 1758 691 Venesia
1789 661 1916 692 mandi)
1948 670 1986 691 so
2011 660 2207 692 ambaxaori
2239 672 2259 692 a

1418 712 1542 744 mesier
1555 713 1587 744 lo
1600 723 1648 750 re,
1666 719 1699 745 et
1715 713 1911 745 nientemen
1927 720 2016 745 sotto
2034 720 2154 755 queste
2171 720 2258 746 treu-

1419 775 1461 808 ge
1484 765 1577 797 forn}
1603 766 1613 796 i
1645 777 1681 798 so
1714 766 1806 808 luogi
1837 767 1873 798 in
1905 767 2068 798 trivisana
2099 766 2142 798 de
2179 768 2259 810 ogni

1419 829 1499 851 cosa
1516 820 1711 862 bisognosa.
1743 819 1803 850 Ma
1819 830 1863 851 no
1880 820 2001 852 siando
2018 820 2119 861 nauci
2136 820 2260 852 mesier

1326 870 1362 900 10
1418 874 1452 906 10
1477 884 1513 906 re
1535 874 1731 916 impetrada
1756 874 1787 905 la
1812 874 1900 906 ditta
1923 884 2016 915 pase,
2033 875 2044 905 i
2061 874 2261 906 ambaxaori

1421 927 1463 958 de
1488 927 1587 969 quilli
1610 926 1655 958 da
1681 927 1831 959 Venesia
1856 938 1916 958 sen
1940 927 2040 959 torno
2057 938 2075 958 a
2094 937 2183 959 casa.
2217 927 2261 959 Et

1421 980 1525 1012 allora
1548 991 1612 1022 per
1637 980 1759 1012 mesier
1782 981 1817 1012 lo
1840 991 1877 1011 re
1902 980 1938 1011 fo
1968 981 2139 1011 mandacio
2164 981 2199 1012 in
2229 979 2260 1012 le

1420 1039 1516 1074 parte
1549 1032 1592 1064 de
1624 1033 1807 1065 Trivisana
1838 1033 1870 1064 el
1900 1039 1999 1064 conte
2031 1033 2160 1074 palatin
2194 1043 2260 1065 con

1420 1092 1541 1128 quatro
1564 1086 1671 1117 millia
1693 1086 1835 1127 Ungari.
1882 1086 1925 1117 Et
1949 1087 1984 1116 in
2008 1091 2128 1127 questo
2146 1092 2261 1128 tempo

1329 1134 1363 1165 15
1421 1139 1522 1184 Cara,
1543 1139 1610 1170 cita
1635 1139 1677 1171 de
1702 1139 1891 1177 Dalmacia‚
1917 1149 1978 1180 per
1995 1139 2188 1180 prudencia
2204 1138 2262 1171 del

1422 1192 1603 1234 magnifico
1627 1192 1745 1235 signor
1761 1192 1886 1224 mesier
1902 1192 2098 1224 Francesco
2119 1191 2162 1223 da
2179 1192 2264 1224 Car-

1422 1256 1509 1283 rara,
1533 1245 1671 1277 habudo
1695 1246 1853 1278 tractado
1877 1255 1943 1277 con
1976 1256 2023 1276 un
2048 1245 2151 1282 abbi„
2177 1245 2263 1277 cita-

1423 1298 1482 1331 din
1507 1299 1598 1331 della
1623 1299 1715 1330 dicta
1738 1305 1838 1339 terra,
1863 1304 1895 1330 et
1918 1299 2080 1330 mectude
2103 1299 2135 1330 le
2169 1298 2262 1331 scale

1424 1353 1455 1383 ai
1479 1352 1564 1382 muri
1590 1352 1681 1384 della
1705 1351 1799 1384 dicta
1821 1357 1924 1388 terra,
1949 1352 1986 1383 fo
2003 1352 2086 1383 tolta
2103 1358 2136 1383 et
2153 1357 2263 1383 tracta

1328 1401 1368 1432 20
1424 1405 1516 1437 della
1551 1404 1739 1436 subiection
1774 1405 1809 1436 di
1845 1405 1927 1437 dicti
1954 1405 1998 1436 da
2022 1405 2193 1436 Venesia:
2229 1411 2264 1436 et

1425 1469 1488 1500 per
1511 1458 1620 1490 simile
1644 1457 1748 1489 molte
1772 1457 1860 1489 altre
1884 1458 1998 1489 citade
2017 1459 2059 1489 de
2084 1458 2264 1490 Dalmacia

1425 1511 1554 1543 revello
1579 1511 1609 1542 ai
1636 1511 1714 1542 ditti
1740 1511 1783 1543 da
1807 1511 1957 1543 Vinesia.
2007 1511 2213 1543 Nientemen
2232 1511 2264 1543 el

1425 1571 1526 1596 conte
1551 1564 1680 1606 palatin
1704 1575 1769 1596 con
1793 1564 1942 1596 l'alturio
1963 1564 2054 1596 delle
2078 1570 2182 1608 gente
2207 1564 2264 1597 del

1426 1617 1583 1659 predicto
1600 1617 1783 1660 magnifico
1800 1617 1918 1660 signor
1931 1618 2057 1649 mesier
2070 1619 2264 1649 Francesco

1331 1667 1370 1697 25
1426 1671 1593 1713 damneca
1623 1671 1728 1703 molto
1764 1671 1796 1702 el
1831 1677 1946 1702 terren
1983 1671 2127 1702 trivisan
2160 1676 2194 1702 et
2228 1664 2276 1702 in'

1426 1725 1504 1766 quel
1530 1731 1641 1766 tempo
1665 1735 1764 1766 prese
1796 1723 1995 1765 Sa[ra]vale‚
2019 1725 2163 1756 castello
2194 1723 2266 1756 bel-

1426 1778 1557 1810 lissimo
1582 1778 1637 1810 del
1662 1777 1814 1814 trivisan,
1837 1787 1921 1818 pose
1940 1787 2064 1818 campo
2089 1789 2108 1808 a
2132 1776 2266 1809 Castel-

1427 1831 1585 1868 francho,
1609 1838 1643 1863 et
1674 1830 1748 1862 altri
1777 1830 1875 1862 molti
1907 1829 2022 1861 damni
2048 1831 2083 1861 fa
2115 1842 2134 1861 a
2166 1831 2264 1872 quilii

1428 1886 1473 1917 da
1497 1884 1651 1921 Vinesia‚
1684 1889 1718 1914 et
1748 1883 1843 1920 tanti,
1876 1883 1940 1914 che
1972 1883 2039 1914 ello
2070 1883 2079 1914 i
2112 1884 2265 1915 conduse

1331 1933 1371 1964 30
1427 1939 1471 1970 ad
1489 1936 1605 1978 esse[r]
1630 1937 1728 1968 fuora
1745 1936 1788 1968 de
1804 1946 1982 1978 speranca.
2031 1936 2265 1969 Diffidandose

1429 1992 1565 2022 doncha
1588 1990 1597 2021 i
1616 1990 1756 2031 preditti
1782 1989 1825 2020 da
1848 1989 1998 2020 Venesia
2019 1990 2061 2020 de
2079 2000 2123 2021 no
2147 1997 2266 2031 posser

1427 2043 1549 2076 obviat
1565 2043 1630 2074 alle
1647 2043 1743 2083 force
1761 2041 1817 2073 del
1834 2053 1882 2079 re,
1899 2052 1964 2074 con
1982 2043 2084 2073 molte
2108 2042 2268 2074 ambaxa-

1429 2097 1476 2128 rie
1494 2098 1614 2138 priega
1629 2095 1660 2126 el
1678 2095 1860 2138 magnifico
1877 2095 1994 2137 signor
2011 2095 2136 2127 mesier
2160 2096 2267 2128 Fran-

1427 2160 1530 2183 cesco
1555 2150 1599 2181 da
1623 2149 1770 2181 Can-ara
1797 2149 1860 2180 che
1885 2149 1963 2180 voia
1986 2149 2145 2180 humiliar
2168 2149 2266 2180 l'ani-

1332 2197 1372 2229 35
1429 2215 1484 2235 mo
1508 2204 1563 2235 del
1589 2213 1626 2234 re
1654 2207 1687 2235 et
1718 2202 1792 2239 che,
1817 2202 1901 2233 tolta
1925 2202 1981 2233 via
2013 2203 2044 2232 la
2068 2212 2201 2244 guerra,
2234 2203 2266 2234 01

515 2382 540 2406 3.
559 2375 686 2398 inumera
709 2374 743 2397 M
764 2387 796 2392 —
815 2380 857 2405 31.
878 2373 988 2397 Maroni
1012 2373 1047 2396 J!
1064 2385 1071 2389 -
1092 2374 1119 2396 at
1142 2373 1177 2395 Δ11
1517 2375 1558 2401 35.
1579 2369 1622 2393 del
1643 2369 1705 2393 PE

432 2544 443 2556 “
457 2544 567 2568 obsedit
588 2542 732 2573 magnifiee
753 2541 1044 2566 Castruml'ranrhum.
1130 2541 1216 2564 Erant
1234 2542 1318 2564 etiam
1376 2538 1687 2562 ''Bartholomeum....
1709 2537 1789 2560 misi
1804 2539 1813 2560 t
1835 2537 1968 2560 similiter
1984 2544 2067 2560 causa
2090 2537 2266 2569 impetu-ande

432 2587 444 2598 ‘¹
456 2586 488 2610 de
506 2585 600 2609 Padua
621 2586 749 2616 gentium
769 2585 877 2608 auxilia
897 2587 923 2608 et
945 2584 1071 2608 subsidia
1093 2583 1261 2607 victualium
1275 2599 1297 2609 ,,.
1377 2582 1475 2613 “pacis
1497 2587 1557 2603 cum
1581 2579 1697 2602 Venetis
1710 2597 1732 2609 η.
2296 2583 2326 2608 15

518 2628 526 2643 ¹
548 2628 686 2655 Com—us„
709 2628 847 2657 Chronica,
869 2626 915 2657 XI,
939 2633 982 2651 10:
1012 2626 1157 2657 “Magnus
1177 2632 1268 2649 comes
1294 2627 1320 2648 et
1462 2620 1472 2636 3
1493 2621 1628 2651 Cowrus,
1649 2622 1788 2650 Chronica,
1808 2621 1854 2651 XI,
1877 2628 1922 2645 11:
1946 2621 2029 2644 “Rex
2050 2622 2082 2645 ad
2104 2628 2198 2653 preces
2219 2621 2266 2644 do.

388 2677 400 2699 5
433 2670 558 2693 “Veneti
582 2671 682 2692 iterum
703 2669 861 2692 habuerunt
882 2669 914 2691 dc
935 2676 1001 2699 pasc
1021 2668 1167 2699 colloquia
1187 2668 1233 2698 qui
1267 2667 1321 2690 suit
1376 2665 1388 2678 u
1401 2665 1471 2688 mini
1484 2663 1627 2687 Francisvi
1643 2663 1676 2686 de
1696 2662 1829 2686 Carraria
1849 2663 1955 2686 obtulit
1976 2671 2070 2694 pacem
2086 2664 2177 2693 istam,
2191 2663 2265 2693 quod

434 2713 444 2724 ‘⁴
457 2712 562 2741 Padue,
576 2714 602 2735 et
614 2712 644 2734 in
657 2711 788 2733 omnibus
803 2711 835 2734 (1(-
850 2711 972 2734 consilio
987 2709 1128 2740 magnifici
1143 2710 1175 2733 (le
1190 2708 1322 2733 Carraria
1378 2707 1390 2719 “
1403 2707 1536 2730 dominus
1563 2706 1618 2729 dux
1644 2708 1671 2729 et
1697 2712 1844 2728 commune
1871 2705 2054 2729 Venetiarum
2083 2712 2179 2728 omnes
2199 2705 2266 2727 civi-

433 2754 661 2786 “procedebatw
682 2752 729 2783 XI,
751 2759 798 2776 11:
821 2753 925 2776 “Unde
946 2753 1105 2784 potentiam
1126 2752 1198 2782 regis
1224 2753 1323 2774 contra
1379 2749 1473 2772 “tates
1493 2750 1519 2772 et
1539 2749 1629 2771 castra
1654 2749 1710 2770 sita
1737 2749 1764 2770 in
1793 2746 1931 2770 Crovatia
1958 2749 1984 2770 et
2010 2747 2155 2770 Dalmatia
2181 2746 2267 2769 libere

432 2799 504 2820 “eos
524 2797 701 2827 provocavit,
721 2797 767 2826 qui
794 2795 946 2818 manifeste
967 2795 1095 2818 videntes
1115 2802 1142 2817 se
1163 2801 1219 2817 non
1241 2799 1323 2824 posse
1376 2791 1519 2814 “debeant
1539 2790 1672 2820 relaxare,
1698 2791 1724 2813 et
1751 2790 1826 2821 quod
1855 2791 1883 2812 in
1911 2790 1969 2813 suis
1994 2789 2100 2813 litteris
2121 2789 2154 2812 de
2174 2791 2267 2812 cetero
2296 2795 2329 2813 20

432 2838 444 2850 “
458 2840 586 2862 resistere
607 2839 688 2861 tanto
709 2838 776 2868 regi,
796 2837 929 2861 inclinati
952 2844 1045 2860 coram
1067 2843 1130 2866 rege
1149 2836 1323 2867 rogaverunt
1376 2832 1543 2856 “Dominus
1566 2832 1707 2855 Dalmatio
1727 2834 1754 2854 et
1775 2830 1911 2855 Crovatie
1932 2839 1959 2855 se
1980 2839 2036 2855 non
2058 2832 2156 2855 debeat
2177 2831 2266 2854 nomi-

375 2885 405 2901 ,Ο
435 2880 553 2913 «pacem
566 2896 586 2909 ἢ.
1378 2874 1390 2887 “
1404 2882 1478 2898 nare.
1517 2874 1578 2905 Ipse
1598 2882 1663 2896 vcro
1681 2881 1727 2896 rex
1750 2876 1847 2896 contra
1869 2874 1983 2903 obtulit,
2010 2874 2083 2904 quod
2105 2874 2217 2896 tenebat
2239 2873 2266 2895 in

522 2920 532 2936 *3
553 2923 691 2946 sonus..
712 2922 848 2944 (L'ln-mn‘ca.
869 2920 916 2950 XI,
939 2927 982 2944 10:
1008 2922 1018 2932 *¹
1032 2921 1085 2943 Die
1106 2921 1198 2949 primo
1218 2919 1322 2941 decim·
1380 2916 1569 2947 “episcopatu
1589 2916 1726 2938 'rm-visti.
1765 2916 1858 2938 Han<-
1879 2922 1993 2946 pacem
2016 2916 2128 2943 magis
2150 2921 2266 2937 ncces·

437 2963 448 2975 ‘⁴
463 2963 529 2992 bris,
552 2964 637 2994 legati
662 2962 762 2985 venet(
773 2970 832 2985 rum
857 2964 1021 2993 mcporunt
1043 2963 1095 2985 iter
1118 2968 1198 2984 suum
1224 2961 1257 2983 ad
1285 2967 1323 2982 rc·
1380 2959 1530 2981 “sariam
1549 2964 1648 2988 quam
1671 2957 1798 2980 utilem
1820 2957 1954 2980 dominus
1970 2963 2025 2980 aux
2040 2958 2065 2980 ct
2079 2956 2266 2979 omncscives

437 3007 448 3018 ¹¹
459 3013 530 3037 geni,
545 3010 571 3028 et
587 3007 653 3028 tunc
669 3005 801 3028 dominus
816 3005 910 3028 Padue
926 3005 1064 3027 vicarium
1084 3010 1163 3026 suurn
1178 3002 1324 3026 dominum
1380 3001 1391 3013 “
1405 3000 1600 3023 laudaverunt.
1640 2999 1703 3022 sxlia
1724 3002 1804 3030 pacta
1825 3006 1881 3022 non
1902 2999 1994 3022 scribo
2006 3016 2026 3029 η.
2297 3001 2327 3027 25
