2422 3684
449 223 495 258 58
821 223 992 259 GESTA
1020 224 1328 260 MAGNIFICA
1355 224 1540 260 DOMUS
1570 225 1961 262 CARRARIENSIS

449 357 517 388 pent
537 363 622 379 onera
643 358 670 380 et
688 357 822 385 honores,
842 358 869 380 et
889 357 1011 381 maxime
1035 358 1110 388 regie
1129 357 1272 382 maiestati
1291 357 1399 381 subditi
1420 358 1447 380 et
1467 357 1564 381 devoti
1592 365 1623 381 ac
1643 359 1775 389 potentes
1794 359 1824 382 in
1846 360 1943 382 nostre
1968 358 2097 382 subsidio
2124 358 2281 382 maiestatis

448 400 563 424 domare
584 401 718 432 superbos
738 409 768 424 ac
788 403 920 433 prosequi
943 402 1140 432 delinquentes
1160 403 1281 425 maxime
1302 403 1399 425 nostra
1420 401 1537 425 rebelles
1558 402 1688 434 imperio,
1714 403 1848 434 legalium
1870 403 2050 426 sanctionum
2071 403 2177 433 laqueis
2199 402 2280 426 inno-

447 445 550 473 dando,
569 453 630 469 curn
650 446 782 469 omnibus
802 446 1003 477 prerogativis,
1023 445 1194 477 privilegiis.
1213 447 1456 470 convencionibus
1475 448 1558 477 atque
1578 447 1670 478 pactis
1689 447 1718 470 in
1739 455 1835 470 eorum
1856 448 1982 471 favorem
2007 455 2021 470 a
2041 448 2137 471 nostro
2155 447 2280 470 culmine

448 490 643 521 indulgentiis.
664 491 712 522 qui
734 497 780 522 per
800 492 925 514 nostram
945 491 1120 514 maiestatem
1142 491 1177 514 ad
1198 491 1300 522 prefati
1317 492 1407 514 nostri
1425 491 1536 523 imperii
1557 499 1643 515 onera
1664 491 1859 523 supportanda
1879 492 2056 522 honoresque
2077 492 2183 515 fuerint
2197 492 2280 522 depu-

448 536 516 562 tati;
537 535 751 559 considerantes
770 537 797 559 et
817 535 1033 559 racionabiliter
1059 535 1239 559 advertentes
1264 535 1338 566 quod
1366 535 1474 559 nobilis
1494 537 1538 558 vir
1563 535 1680 559 Iacobus
1700 535 1733 559 de
1759 536 1900 564 Carraria,
1925 537 1998 559 civis
2026 536 2127 564 Padue,
2152 536 2280 559 Romano

449 580 570 611 imperio
591 580 623 603 de
644 581 704 604 iure
724 580 856 610 subiecte,
876 580 946 604 adeo
967 587 994 603 se
1014 582 1125 611 gratum
1147 580 1289 604 exibuerit
1308 582 1334 604 et
1355 580 1430 610 quod
1445 581 1527 604 nobis
1548 582 1702 611 nostroque
1722 587 1810 612 regno
1825 582 1851 604 et·
1866 582 1971 604 nostris
1986 581 2157 604 officialibus
2171 582 2197 604 et
2210 580 2281 603 mul-

447 624 486 647 tis
506 625 695 655 complicibus
713 625 858 648 benivolis
878 626 905 647 et
925 624 1024 647 amicis
1045 624 1134 647 multa
1155 625 1274 648 servicia
1294 624 1457 648 exhibuerit
1476 626 1503 648 et
1522 625 1636 648 exhibet
1664 626 1846 653 incessanter,
1867 627 1962 657 sicque
1985 626 2120 649 meruerit
2146 632 2160 648 a
2180 626 2279 648 nostra

447 669 594 692 maiestate
614 669 643 692 in
664 669 794 700 legitimo
815 669 848 692 dc
867 667 927 683 ****
948 669 1153 699 prerogativas,
1171 669 1282 700 gracias
1301 670 1329 692 et
1348 669 1478 697 honores,
1492 670 1607 700 eiusque
1621 669 1784 700 prudencia,
1798 669 1926 698 solercia,
1941 670 2074 701 potencia
2088 670 2280 700 virtutumque

448 714 531 744 copia
551 721 616 744 erga
637 721 687 736 nos
707 713 922 743 Romanumque
941 713 1092 744 imperium
1112 713 1272 736 devocione
1292 714 1406 737 notoria
1426 713 1556 745 exigente
1578 715 1674 737 nostre
1688 714 1849 737 serenitatis
1868 714 1973 738 officiis
1992 715 2155 745 aggregari;
2175 714 2281 737 iccirco

448 760 525 780 motu
547 759 664 790 proprio
685 765 715 781 ac
736 765 768 780 vx
790 760 872 788 pai-to
892 759 917 780 et
937 758 1134 780 convencione
1154 758 1272 788 speciali
1293 758 1366 781 inita
1386 759 1413 781 et
1432 765 1564 788 expressa
1590 759 1664 781 inter
1693 758 1784 781 nostri
1810 758 1943 782 culminis
1969 759 2143 782 maiestatem
2164 759 2191 782 et
2215 757 2278 780 Ber-

447 802 585 826 nhardum
605 803 638 826 de
659 802 846 833 Castelfione,
867 803 1076 833 procuratorem
1097 804 1124 826 et
1145 803 1344 834 procuratorio
1363 804 1479 826 nomine
1499 810 1549 834 pro
1569 810 1601 826 eo
1616 803 1810 834 recipientem,
1829 810 1887 826 non
1907 804 2050 834 tamquam
2069 803 2281 831 benemeritum.

446 847 619 872 ordinamus,
640 847 841 870 constituimus
861 848 888 870 et
908 853 1032 870 creamus
1053 847 1145 870 nostri
1165 849 1193 870 et
1213 848 1323 878 imperii
1346 846 1468 871 Romani
1490 847 1628 871 vicarium
1649 848 1679 871 in
1700 847 1776 871 dicta
1796 848 1914 871 civitate
1934 847 2027 871 Padue
2047 849 2074 871 et
2094 848 2235 876 districtu,
2255 847 2282 870 et

449 891 571 914 maxime
592 893 620 914 in
640 893 723 914 terris
745 893 770 914 et
791 892 891 914 castris
911 890 1123 919 Montissilieis,
1145 891 1271 918 Bassani.
1291 890 1425 922 Solagne‚
1444 891 1604 915 Fontanive
1623 893 1650 915 et
1670 892 1736 915 aliis
1757 892 1837 915 villis
1857 893 1940 915 terris
1960 893 1987 916 et
2007 892 2089 920 locis,
2103 893 2149 923 qui
2170 891 2206 915 ad
2221 898 2279 922 pre-

446 943 508 959 sens
526 936 637 959 subesse
658 936 843 959 iurisdicioni
865 937 892 958 et
914 935 1033 966 imperio
1048 936 1177 959 comunis
1198 935 1291 958 Padue
1311 935 1527 965 dignoscuntur,
1541 936 1762 967 quibuscumque
1777 936 1885 959 iuribus
1905 937 1970 960 sunt
1984 937 2117 963 subiecte.
2130 937 2158 959 et
2169 943 2279 959 omnem

449 981 674 1009 iurisdicionem,
695 988 798 1003 merum
820 980 970 1011 imperium
990 981 1017 1003 et
1038 980 1157 1003 mixtum
1177 981 1203 1003 et
1229 979 1319 1012 gladii
1348 981 1515 1011 potestatem
1538 981 1566 1004 in
1593 981 1699 1004 dictam
1727 981 1873 1005 civitatem
1900 982 1927 1004 ct
1953 980 2114 1004 districtum
2136 981 2279 1012 ipsiusque

448 1025 524 1048 cives
545 1027 570 1048 et
592 1025 702 1048 incolas
722 1025 952 1054 habitatoresque
973 1026 1115 1055 presentes
1133 1026 1159 1048 et
1181 1025 1301 1054 futuros,
1320 1032 1494 1055 quocumque
1510 1025 1570 1049 iure
1588 1027 1759 1048 censeantur
1778 1033 1827 1056 per
1846 1032 1874 1049 se
1895 1025 1937 1049 vel
1959 1025 2031 1049 alios
2051 1025 2235 1049 exercendum
2250 1032 2280 1049 ac

447 1076 542 1092 eorum
563 1071 761 1092 execucionem
782 1069 939 1100 plenariam
960 1070 1039 1092 omni
1060 1069 1154 1097 modo,
1174 1069 1235 1092 iure
1255 1070 1282 1092 et
1311 1069 1410 1097 forma,
1435 1069 1536 1100 quibus
1556 1069 1657 1093 melius
1679 1077 1835 1102 possumus.
1861 1070 2044 1093 concedimus
2069 1071 2096 1094 et
2123 1069 2280 1094 liberaliter

447 1114 635 1145 indulgemus.
648 1114 730 1144 eique
743 1114 924 1137 concedimus
945 1114 1062 1137 liberam
1083 1115 1253 1146 potestatem
1274 1113 1410 1137 officiales
1430 1113 1544 1137 creandi
1564 1115 1762 1145 cuiuscumque
1781 1115 1965 1138 condicionis
1978 1116 2005 1138 et
2019 1116 2109 1138 status
2123 1116 2149 1138 et
2170 1121 2281 1138 omnem

450 1159 540 1189 ipsius
555 1159 670 1182 liberam
692 1158 870 1182 voluntatem
892 1159 919 1181 in
941 1159 1060 1182 civitate
1080 1158 1170 1189 ipsius
1191 1158 1324 1181 districtu
1345 1165 1376 1181 ac
1395 1159 1478 1182 terris
1499 1160 1525 1181 et
1546 1160 1646 1182 castris
1665 1159 1821 1183 antedictis
1842 1159 1975 1190 ipsosque
1989 1159 2127 1189 mutandi,
2141 1159 2206 1182 dum
2222 1159 2276 1182 sibi

448 1203 591 1226 videbitur
610 1203 750 1235 expedire,
771 1203 984 1233 custodiamque
998 1203 1089 1234 ipsius
1109 1203 1240 1226 civitatis
1261 1203 1442 1233 omniumque
1462 1203 1658 1227 municionum
1680 1204 1768 1235 ipsius
1789 1211 1819 1227 ac
1840 1203 1989 1228 districtus
2009 1205 2037 1227 et
2056 1204 2276 1235 prescriptarum

446 1249 582 1271 terrarum
609 1249 636 1270 et
662 1249 818 1271 castrorum
844 1255 877 1270 ex
905 1249 1001 1271 nostra
1026 1248 1200 1271 auctoritate
1227 1247 1368 1278 expedire,
1388 1249 1473 1279 prout
1494 1247 1564 1274 vult,
1585 1254 1723 1279 oneraque
1743 1250 1829 1271 cunta
1854 1248 1941 1271 realia
1961 1249 1988 1272 et
2012 1247 2175 1278 personalia
2195 1248 2278 1279 atque

448 1292 536 1314 mixta
558 1292 586 1314 in
608 1292 684 1315 dicta
706 1291 824 1315 civitate
844 1292 991 1323 ipsiusque
1018 1292 1151 1315 districtu
1177 1298 1286 1315 necnon
1308 1293 1391 1315 terris
1410 1294 1438 1314 et
1463 1292 1566 1314 castris
1585 1293 1713 1322 superius
1734 1293 1892 1316 nominatis
1919 1299 1970 1324 pro
1997 1292 2121 1316 eiusdem
2142 1292 2281 1320 civitatis,

446 1338 583 1359 terrarum
610 1338 635 1359 et
660 1339 818 1359 castrorum
845 1337 1067 1360 conservacione
1091 1338 1119 1359 et
1143 1336 1274 1360 custodia
1296 1336 1383 1359 libere
1403 1336 1569 1366 imponendi
1591 1343 1621 1359 ac
1641 1336 1776 1367 exigendi
1795 1338 1822 1360 et
1843 1337 1869 1359 in
1892 1343 1969 1359 suam
1990 1336 2145 1360 utilitatem
2166 1343 2281 1360 conver-

448 1380 536 1409 tendi,
557 1381 631 1404 sicut
651 1382 722 1404 sacri
744 1381 857 1412 imperii
879 1383 905 1404 et
927 1383 1026 1404 nostro
1045 1381 1149 1404 honori
1171 1381 1286 1411 eiusque
1306 1380 1452 1404 commodo
1473 1382 1499 1404 et
1519 1380 1614 1404 decori
1633 1381 1766 1412 expedire
1786 1380 1939 1408 videbitur,
1960 1381 2076 1404 liberam
2097 1381 2278 1404 concedimus

448 1425 624 1454 facultatem,
645 1426 906 1456 stipendiariosque
933 1426 1046 1449 tenendi
1073 1426 1206 1456 ipsosque
1232 1425 1364 1448 cassandi
1390 1426 1416 1448 et
1437 1425 1566 1448 mutandi
1591 1425 1785 1448 omnimodam
1804 1425 1905 1449 habeat
1933 1427 2114 1456 potestatem,
2140 1426 2280 1456 curitaque

448 1472 545 1493 nostra
567 1470 672 1501 regalia
695 1470 766 1493 locis
787 1470 915 1501 superius
935 1471 1094 1501 designatis
1109 1471 1135 1494 et
1155 1477 1187 1493 ex
1204 1470 1336 1493 libertate
1356 1469 1473 1501 propria
1494 1469 1672 1493 conferentes
1691 1470 1842 1500 omniaque
1863 1470 1991 1501 predicta
2011 1471 2169 1500 cunctaque
2189 1469 2222 1492 ab
2241 1469 2282 1493 eis

447 1514 639 1545 dependencia
660 1514 703 1537 vel
725 1522 854 1538 connexa
877 1516 975 1538 nostra
996 1515 1168 1537 auctoritate
1182 1514 1434 1545 valeatexplicare
1454 1521 1514 1536 cum
1535 1513 1641 1541 effectu,
1662 1514 1735 1537 sicut
1749 1516 1844 1545 posset
1859 1516 1954 1538 nostra
1975 1515 2115 1543 maiestas,
2138 1514 2161 1537 si
2176 1513 2280 1537 ibidem

446 1560 659 1590 presencialiter
675 1561 830 1584 interesset.
847 1567 903 1582 non
920 1560 1104 1583 obstantibus
1119 1559 1236 1587 legibus.
1251 1559 1516 1587 consuetudinibus,
1536 1559 1740 1587 observanciis,
1760 1559 1867 1583 iuribus
1888 1559 2110 1590 municipalibus
2124 1558 2168 1582 vel
2189 1565 2281 1582 comu—

448 1603 539 1628 nibus,
561 1604 678 1627 statutis
700 1611 745 1627 seu
767 1604 867 1627 edictis
884 1603 966 1627 sactis
980 1606 1007 1626 et
1026 1604 1130 1627 edictis
1144 1605 1174 1627 in
1190 1603 1366 1626 contrarium
1387 1603 1617 1633 quibuscumque,
1630 1610 1698 1634 quas
1712 1604 1739 1627 et
1751 1610 1804 1633 que
1816 1605 1952 1634 quantum
1966 1604 1998 1626 ad
2015 1603 2141 1634 predicta
2155 1603 2182 1626 et
2195 1602 2283 1633 quod-

449 1647 519 1671 libet
539 1649 740 1678 prcdictorum,
761 1655 791 1672 nc
813 1650 834 1671 si
858 1649 953 1671 forent
973 1649 1144 1671 nominatim
1165 1650 1192 1671 et
1212 1648 1245 1671 de
1266 1648 1352 1671 verbo
1371 1648 1405 1671 ad
1427 1647 1542 1670 verbum
1563 1648 1669 1679 scripta
1688 1647 1865 1679 presentibus
1891 1649 1918 1671 et
1939 1648 2055 1677 inserta,
2080 1647 2169 1670 eciam
2195 1646 2220 1670 si
2245 1646 2278 1670 de

447 1693 550 1715 eisdem
572 1695 715 1723 oporteret
738 1693 917 1724 presentibus
937 1700 1097 1724 expressam
1112 1692 1169 1715 fieri
1187 1692 1372 1719 mencionem,
1392 1699 1567 1718 revocamus.
1586 1698 1735 1721 cassamus,
1756 1692 1910 1720 irritamus,
1925 1691 2084 1716 anullamus
2098 1693 2125 1715 et
2138 1691 2172 1715 de
2186 1682 2282 1714 nostr'e

449 1744 564 1759 romane
585 1739 660 1767 regie
680 1737 862 1769 plenitudine
882 1738 1034 1767 potestatis
1055 1737 1193 1763 volumus,
1214 1737 1390 1760 decerminus
1410 1736 1554 1759 firmitatis
1573 1736 1633 1759 sore
1653 1738 1680 1759 et
1701 1736 1808 1759 nullius
1828 1736 1942 1767 penitus
1962 1736 2006 1759 vel
2029 1735 2166 1759 monenti.
2202 1735 2284 1759 Nulli

447 1788 514 1812 ergo
541 1782 660 1804 omnino
686 1781 832 1804 hominum
860 1781 945 1804 liceat
970 1781 1042 1803 banc
1072 1781 1204 1811 paginam
1233 1784 1328 1803 nostre
1354 1780 1560 1807 ordinacionis,
1587 1780 1818 1810 constitucionis,
1845 1781 2010 1808 creavimus,
2038 1779 2232 1803 concessionis
2257 1780 2283 1804 et

448 1826 607 1849 voluntatis
629 1826 785 1857 infringere
812 1826 855 1849 vel
877 1827 901 1849 ci
929 1833 996 1849 ausu
1020 1826 1170 1848 temer-ario
1191 1825 1341 1849 contraire.
1379 1825 1408 1849 Si
1430 1826 1493 1856 quis
1513 1826 1605 1848 nutem
1624 1825 1677 1848 hoc
1697 1826 1845 1848 attemtare
1865 1826 2075 1857 presumpserit,
2095 1826 2188 1856 preter
2206 1823 2285 1848 indi·

447 1872 617 1901 gnacionem
642 1873 765 1894 nostram
787 1878 886 1902 penam
903 1871 981 1894 mille
995 1878 1150 1894 marcarum
1166 1871 1227 1893 auri
1249 1871 1320 1902 puri,
1342 1871 1521 1893 medictatem
1538 1870 1613 1901 regie
1627 1877 1733 1893 camere
1752 1871 1849 1894 nostre
1868 1871 1894 1894 et
1914 1870 2000 1893 aliam
2016 1869 2192 1893 medietatem
2207 1869 2283 1902 parti

447 1914 510 1940 lesev
531 1915 768 1938 irremissibiliter
790 1915 1003 1945 persolvendam
1025 1922 1052 1937 se
1074 1915 1187 1937 noverit
1208 1915 1393 1937 incursurum.
1414 1914 1504 1938 liuius
1518 1915 1556 1937 roi
1576 1916 1662 1937 testes
1676 1915 1755 1937 sunt:
1776 1912 1912 1937 Ger-lacus
1934 1913 2171 1945 maguntinensis,
2192 1912 2280 1936 Arne-

448 1961 506 1982 stus
528 1960 674 1990 pragensis
694 1960 901 1990 archicpiscopi
923 1962 949 1982 et
970 1959 1110 1982 Iohannes
1131 1959 1321 1982 olumucensis
1347 1959 1506 1989 episcopus,
1533 1966 1642 1982 necnon
1669 1958 1796 1982 illustres
1822 1960 1849 1983 et
1876 1958 1986 1981 nobiles
2011 1957 2156 1981 Rodultus
2181 1957 2280 1981 senior

447 2002 581 2029 Saxonie,
603 2003 675 2026 sacri
697 2003 808 2034 impr-rii
829 2002 1101 2030 archimarescallus,
1123 2003 1258 2026 Albertus
1279 2002 1396 2025 Austrie
1423 2002 1567 2026 barminus
1588 2002 1761 2032 stetinensis,
1781 2001 1917 2025 Nicolaus
1939 2000 2049 2033 Opavie
2074 2003 2102 2025 et
2121 2001 2284 2024 Fridericus

448 2047 481 2070 de
501 2047 582 2076 Uele,
602 2047 694 2073 duces.
715 2054 745 2070 ae
765 2047 907 2070 Iohannes
927 2047 1096 2077 burgravius
1117 2047 1149 2069 de
1169 2046 1349 2077 Nurinbergb
1364 2048 1390 2069 et
1406 2047 1572 2070 Mainardus
1592 2045 1719 2074 Gor-ieie.
1742 2045 1941 2069 Valdemarius
1961 2046 1993 2068 de
2013 2045 2130 2073 Anhalt,
2149 2045 2284 2068 Albertus

448 2092 481 2114 (le
500 2091 693 2116 Sacromontc.
714 2091 828 2114 Ulricus
854 2090 888 2114 de
914 2091 1092 2114 llelsenstcin
1119 2093 1143 2113 et
1173 2091 1335 2114 Fridericus
1359 2091 1392 2114 de
1412 2090 1577 2118 Orlemund,
1603 2090 1730 2118 comites,
1757 2097 1865 2113 necnon
1894 2089 2029 2113 Ehrastro
2050 2090 2082 2113 (le
2108 2088 2283 2116 Hohenloht,

450 2135 603 2159 Valtherus
630 2137 662 2159 (le
690 2135 879 2168 Sur-olwnselt,
904 2135 1001 2159 Simon
1031 2136 1063 2159 de
1090 2135 1290 2167 Lichteburgh.
1311 2135 1448 2159 Crevelco
1475 2135 1507 2158 de
1532 2134 1619 2166 Lypa,
1645 2134 1766 2159 Iodocus
1791 2134 1824 2158 de
1850 2134 2047 2162 Rosemberch,
2074 2134 2226 2158 Vilielmus
2251 2133 2284 2157 de

448 2178 612 2211 Lantsteyn,
633 2180 772 2203 Steil'anus
792 2181 825 2202 ‹ln-
846 2180 994 2203 Stoi-berch
1015 2183 1041 2203 ct
1064 2180 1191 2203 Andreas
1211 2180 1244 2202 de
1268 2180 1356 2209 Duba,
1379 2180 1469 2203 nostri
1493 2180 1635 2210 prIncipes
1654 2183 1679 2202 et
1702 2179 1830 2203 barones.
1868 2179 1898 2201 ln
1921 2185 2038 2209 quorum
2060 2179 2187 2202 omnium
2204 2178 2284 2201 testi-

449 2224 573 2246 moninm
594 2226 621 2247 et
643 2224 675 2247 atl
697 2225 897 2247 certitudinem
920 2224 1076 2254 pleniorem
1100 2218 1257 2255 prcrentem
1280 2224 1336 2247 fieri
1360 2225 1492 2247 iussimus
1512 2227 1539 2247 et
1559 2226 1654 2247 nostre
1675 2223 1832 2246 maiestatis
1851 2223 1944 2253 sigilli
1973 2222 2147 2254 appensione
2166 2221 2284 2245 muniri.

539 2268 642 2291 Datum
666 2268 772 2299 (Jnoym
796 2269 822 2290 in
842 2268 981 2295 Moravin,
1002 2275 1078 2291 anno
1099 2268 1209 2291 domini
1232 2268 1385 2291 millesimo
1406 2268 1606 2292 trecentesimo
1634 2267 1850 2298 quadragesimo
1877 2268 1988 2294 octavo,
2014 2267 2164 2290 indicione
2183 2267 2284 2297 prima,

450 2312 523 2335 iunii
547 2320 697 2343 regnorum
720 2315 881 2335 nostrorum
906 2320 981 2335 anno
1002 2312 1134 2335 secundo.

538 2356 572 2380 Et
593 2364 644 2386 ego
664 2356 809 2384 Nil-olaus,
831 2357 961 2379 decamus
981 2357 1171 2380 olamucensis
1198 2356 1260 2380 aule
1286 2357 1361 2388 regie
1387 2356 1582 2386 cancellarius,
1610 2356 1672 2379 vice
1691 2357 1718 2379 et
1744 2356 1859 2378 nomine
1886 2355 2034 2378 reverendi
2060 2355 2151 2387 patris
2173 2354 2285 2378 domini

449 2399 574 2427 Gerlaci,
596 2401 805 2432 archiepiscopi
826 2401 1063 2432 maguntinensis,
1083 2401 1155 2424 sacri
1174 2401 1289 2431 imperii
1312 2407 1359 2431 per
1379 2399 1561 2424 Germaniam
1582 2399 1837 2428 archicancellarii,
1858 2399 2021 2430 recognovi.

2176 2443 2210 2467 R.

543 2533 597 2566 171
626 2533 727 2573 [221].
753 2551 791 2555 -—
818 2533 947 2565 Contra
972 2534 1199 2570 Ludovicum,
1223 2533 1369 2564 Bavarie
1394 2533 1527 2569 ducem,
1551 2542 1668 2563 senem
1692 2537 1726 2563 et
1747 2531 1898 2563 ecclesie
1922 2530 2086 2563 rebellem
2101 2529 2120 2572 ¹,
2146 2530 2203 2572 qui
2221 2540 2284 2572 pro

452 2588 550 2616 xxxm
576 2596 684 2617 annos
707 2596 743 2616 se
769 2586 1007 2627 appellaverat
1029 2586 1274 2627 imperatorem
1300 2585 1421 2617 summi
1438 2584 1610 2627 pontificis
1627 2584 1723 2626 parvi
1741 2585 1928 2625 pendendo
1948 2584 2120 2621 mandata,
2137 2583 2287 2615 Karolus

448 2639 492 2670 de
518 2639 767 2680 Lucimburgb,
800 2639 886 2670 lilius
918 2640 1008 2681 regis
1040 2639 1204 2670 Iohannis
1228 2639 1382 2676 Boemie,
1410 2638 1470 2669 filii
1503 2638 1676 2679 quondam
1710 2637 1928 2678 imperatoris
1958 2637 2114 2674 Henrici,
2146 2635 2286 2678 eligitur

447 2692 644 2733 imperator.
693 2690 762 2728 Qui
788 2692 936 2723 Karolus
959 2693 1002 2724 de
1026 2693 1200 2724 comitissa
1223 2692 1352 2724 Tirolis
1373 2701 1516 2732 sperans
1532 2690 1714 2729 ulcionem,
1732 2701 1835 2732 quam
1853 2689 2175 2733 Brandeburgensis
2198 2699 2287 2721 mar-

447 2746 527 2776 chio
553 2745 693 2776 tenebat
718 2745 750 2775 in
776 2754 930 2781 uxorem,
955 2756 1032 2776 cum
1055 2745 1162 2777 tribus
1186 2745 1288 2777 sociis
1310 2744 1546 2776 tantummodo
1563 2744 1598 2774 in
1614 2744 1734 2775 habitu
1752 2743 1951 2776 mereatoris
1967 2743 2174 2774 Tridentum
2191 2742 2287 2773 inco-

448 2798 566 2841 gnitus
590 2798 767 2840 equitavit.
815 2798 891 2835 Hic,
907 2798 1064 2830 collectis
1089 2798 1199 2840 copiis
1223 2803 1428 2830 armatorum
1453 2808 1472 2828 a
1489 2797 1681 2839 magnifico
1706 2795 1837 2828 Iacobo
1853 2796 1896 2828 de
1915 2795 2074 2828 Carraria
2096 2794 2288 2834 Maranum,

538 2915 627 2940 53-54.
649 2909 807 2940 incognitis
828 2910 861 2932 Μ

541 2996 547 3012 ¹
569 2998 704 3027 (Icarus,
727 2998 865 3027 Chronica,
885 2997 930 3025 lx,
950 3005 976 3030 9,
998 3004 1036 3029 15-

2313 753 2345 781 10

2314 977 2344 1004 15

2311 1200 2347 1227 2⁰

2311 1421 2346 1448 25

2311 1643 2347 1670 30

2314 1865 2348 1894 35

2315 2085 2350 2112 40

2313 2583 2353 2615 50
