2422 3684
733 395 872 427 REnAz.
897 395 928 427 A

405 468 527 500 eodem
545 474 736 509 assumptus
752 473 812 499 est.
842 467 949 499 Cuius
967 465 1112 508 exequie
1129 476 1246 508 quam-

404 522 454 553 vis
485 527 519 553 et
546 521 737 553 Mediolani
769 526 804 553 et
835 520 974 551 Verone
1007 530 1084 551 cum
1116 519 1246 550 honore

403 584 535 606 summo
559 574 746 612 celebrate,
770 573 938 615 presentis
955 583 1023 603 non
1039 577 1089 602 est
1106 571 1247 602 historie

403 638 556 659 narrare.

491 736 566 765 262.
592 752 632 756 —
657 733 729 765 Sed
753 733 947 764 rumoribus
971 731 1021 762 his
1052 737 1121 763 tam
1145 741 1248 772 super

404 787 499 819 obitu
523 787 660 818 Austrie
685 786 794 823 ducis,
819 786 852 816 in
877 796 945 827 quo
975 795 1044 816 non
1074 783 1247 815 modicum

402 840 573 881 sperabat,
597 850 698 882 quam
729 849 832 880 super
856 838 1024 879 capcione
1057 843 1247 869 castrorum

402 894 507 925 Blasii
533 893 769 934 Canissignori
795 892 970 932 perventis
987 891 1032 922 ad
1049 901 1159 928 aures,
1176 890 1247 932 qui,

402 952 439 978 ut
474 946 612 987 publice
651 946 797 977 relatum
822 952 883 981 est,
915 945 1031 976 unitus
1062 953 1139 975 cum
1170 943 1247 985 ipso

403 999 543 1030 domino
570 998 774 1030 Bernabone
807 997 972 1039 querebat
1003 1003 1134 1038 partem
1166 1006 1247 1027 con-

403 1053 533 1084 ducere
557 1052 759 1084 societatum
783 1051 818 1082 in
843 1051 997 1093 partibus
1021 1050 1248 1082 existeneium

402 1104 501 1121 ****
526 1111 560 1136 et
594 1105 738 1136 ducatus
766 1105 976 1136 territorium
1007 1104 1247 1134 invasurarum

401 1159 610 1200 paduanum,
641 1157 907 1200 Canissignorus
930 1158 1004 1198 ipse
1032 1156 1180 1188 animum
1213 1155 1247 1185 in

402 1212 575 1244 contraria
592 1211 800 1252 permutavit
824 1211 983 1253 misitque
1007 1210 1071 1251 ipsi
1088 1208 1248 1252 magnifi-

401 1274 443 1296 co
468 1265 607 1296 domino
632 1265 794 1296 nuncium
819 1275 916 1295 suum
938 1263 1124 1295 relaturum
1149 1267 1247 1303 parte

401 1328 461 1349 sua
485 1329 520 1349 se
546 1318 637 1350 nolle
663 1328 780 1359 passus
803 1327 884 1349 suos
900 1316 1060 1359 gentibus
1076 1316 1248 1358 aliquibus

401 1370 445 1402 ad
470 1371 595 1402 damna
618 1371 724 1412 ipsius
748 1370 929 1412 magnifici
955 1370 1083 1402 domini
1100 1369 1246 1400 molien-

402 1423 493 1455 tibus
516 1424 665 1461 tradere,
691 1423 842 1465 quinimo
867 1423 970 1454 tutari
999 1423 1108 1465 ipsum
1135 1423 1247 1454 inten-

402 1476 518 1514 debat,
543 1483 586 1514 et,
611 1477 667 1508 ubi
693 1487 761 1508 non
786 1482 911 1518 posset,
935 1483 1116 1507 contentus
1145 1476 1246 1513 foret,

402 1530 496 1572 quod
520 1530 595 1570 ipse
620 1529 830 1572 magnificus
854 1529 1015 1560 dominus
1040 1540 1143 1570 super
1171 1529 1247 1560 dio-

403 1583 472 1614 cesi
496 1594 556 1614 sua
580 1593 615 1614 se
642 1593 717 1614 cum
743 1583 812 1613 suis
836 1582 997 1625 gentibus
1022 1587 1201 1613 tutaretur.

490 1797 564 1827 263.
598 1817 636 1820 —
670 1796 850 1827 Hesitante
882 1794 1074 1836 magnifico
1106 1794 1246 1826 domino

404 1849 591 1881 Francisco
616 1849 659 1880 de
685 1849 846 1880 Carraria
870 1855 1012 1890 propter
1028 1848 1247 1889 ingruentem

403 1903 589 1933 novitatem
624 1912 700 1933 cum
733 1901 873 1933 Austrie
906 1902 995 1932 duce
1028 1901 1063 1931 in
1091 1901 1247 1942 partibus

402 1955 646 1995 Vallesugane,
670 1965 732 1996 per
756 1954 917 1986 nuncium
943 1965 1040 1985 suum
1067 1955 1109 1985 de
1139 1953 1246 1985 celeri

402 2008 571 2050 suppedio
595 2007 770 2039 Florentie
795 2007 975 2049 requisivit
992 2007 1247 2044 comunitatem,

402 2061 435 2092 in
472 2062 538 2092 hoc
571 2061 635 2092 sibi
671 2061 828 2092 deficere
864 2071 932 2091 non
964 2070 1064 2101 posse
1097 2060 1248 2091 firmiter

403 2115 559 2146 credens.
605 2113 710 2145 Cuius
742 2113 922 2155 magnifici
955 2112 1089 2144 domini
1120 2112 1246 2144 nuncio

401 2167 540 2209 sponsio
565 2166 630 2198 late
658 2167 721 2198 fuit
744 2166 860 2198 oblata
885 2177 1042 2208 moxque,
1065 2177 1130 2208 que
1148 2173 1246 2208 pete-

402 2221 471 2260 bat,
487 2221 582 2251 illico
602 2221 764 2251 facturos.
805 2220 865 2252 Set
883 2220 969 2250 adeo
993 2219 1100 2261 ipsum
1121 2220 1154 2250 in
1175 2220 1247 2250 lon-

402 2284 482 2316 gum
514 2279 767 2315 protraxerunt,
800 2274 892 2315 quod
926 2284 967 2304 ex
997 2273 1246 2314 desperacione

403 2337 525 2368 preces
541 2333 699 2368 repetere
717 2327 913 2367 compulsus
930 2332 990 2357 est.
1024 2326 1093 2362 Qui
1111 2326 1245 2357 demum

401 2380 614 2411 verecundia
638 2379 732 2415 victi,
751 2379 1002 2411 beneficiorum
1023 2380 1250 2418 immemores,

403 2443 469 2474 que
495 2439 614 2464 contra
640 2432 782 2463 Pisanos
799 2440 831 2464 et
849 2432 936 2464 alios
951 2432 1025 2474 ipse
1042 2432 1247 2474 magnificus

404 2486 562 2518 dominus
596 2485 679 2526 ipsis
711 2493 947 2527 errogaverat,
982 2486 1148 2518 miserunt
1182 2487 1247 2518 sibi

403 2545 480 2580 post
504 2538 654 2569 habitam
679 2538 722 2570 de
748 2539 888 2570 inimico
912 2540 1095 2571 victoriam
1120 2540 1250 2571 bande-

402 2592 470 2623 rias
494 2592 617 2623 decem
637 2592 885 2634 armigerorum
910 2599 944 2624 et
961 2599 1030 2624 tres
1055 2593 1248 2636 Humgaro-

403 2656 487 2676 rum.
535 2645 672 2682 Quibus
695 2646 810 2678 stricte
834 2646 867 2676 in
896 2646 1066 2678 mandatis
1089 2645 1249 2678 iniunxe-

402 2705 492 2736 runt,
506 2709 548 2730 ne
562 2704 683 2730 contra
692 2704 813 2740 ¹{gentes
825 2709 884 2730 seu
898 2699 1073 2740 vipereum
1087 2699 1249 2731 vexillum

402 2752 436 2782 in
454 2751 665 2783 Lombardia
689 2752 997 2792 congrederentur.
1033 2751 1112 2789 Que
1130 2758 1250 2794 gentes

403 2805 484 2835 satis
507 2804 609 2835 armis
632 2805 750 2846 inepte
774 2805 807 2834 in
834 2805 973 2836 civitate
987 2804 1118 2844 Padue‚
1136 2805 1249 2836 donec

404 2857 545 2889 fuerunt
569 2863 739 2898 revocate,
764 2857 881 2889 habita
906 2858 999 2899 prius
1023 2857 1066 2889 ab
1090 2858 1165 2899 ipso
1179 2868 1249 2890 ma-

494 3033 535 3058 43.
555 3026 820 3058 congranderentur
842 3028 877 3050 M

1315 940 1352 971 10

1315 1206 1351 1237 15

1311 1473 1352 1503 20

1311 1799 1350 1830 25

1311 2068 1352 2100 30

1311 2334 1351 2364 35

1313 2605 1354 2636 40

1314 2867 1352 2898 45

755 263 926 303 GESTA
948 262 1257 301 MAGNIFICA
1289 261 1473 301 DOMUS
1503 260 1898 301 CARRARIENSIS

1733 394 1874 426 REDAZ.
1898 393 1929 424 D

1404 463 1498 498 dicto
1522 465 1617 502 duse,
1635 464 1721 496 mori
1739 466 1781 497 de
1798 465 1878 507 quel
1896 464 2043 496 instesso
2060 461 2159 494 male.
2192 462 2245 494 Le

1406 518 1551 561 exequie
1575 519 1631 550 del
1655 518 1735 560 qual
1760 519 1843 549 duse
1868 528 1934 549 con
1958 521 2086 559 quanto
2114 516 2247 547 honore

1406 571 1437 602 le
1460 571 1553 603 fosse
1579 571 1761 603 celebrade
1787 582 1806 602 a
1831 570 1943 602 Milan
1975 575 2009 601 et
2039 580 2060 600 a
2096 569 2247 606 Verona,

1404 624 1438 656 io
1461 634 1530 656 non
1552 625 1698 656 intendo
1722 623 1766 656 de
1790 634 1921 656 narrar.

1495 732 1570 762 262.
1595 747 1636 753 —
1661 731 1719 762 Ma
1744 729 1893 773 vignude
1919 736 2039 773 queste
2057 739 2137 761 cose
2154 728 2197 759 nd
2217 728 2249 759 le

1408 783 1547 816 orechie
1580 784 1622 814 de
1654 781 1867 825 Cansignore
1901 789 1935 815 et
1970 791 2014 812 no
2045 790 2125 811 men
2156 779 2249 811 della

1407 843 1518 868 morte
1546 837 1604 868 del
1635 836 1729 868 dieto
1761 836 1844 866 duse
1877 835 1942 866 cha
1974 833 2009 864 di
2042 831 2175 863 castelli
2207 831 2249 861 de

1409 890 1520 921 Biasio
1545 889 1635 930 presi
1659 899 1721 930 per
1745 888 1777 918 la
1800 894 1904 930 gente
1928 886 1987 918 del
2004 883 2186 928 magnifico
2206 886 2249 914 si-

1406 953 1493 985 gnor
1509 942 1633 974 mesier
1650 941 1845 973 Francesco
1863 940 1907 972 da
1924 939 2084 975 Carrara,
2103 947 2171 969 non
2189 936 2249 968 ob-

1407 997 1542 1034 stando,
1559 1006 1659 1027 como
1676 995 1933 1037 publicamente
1957 1002 1994 1024 se
2014 991 2122 1028 diseat,
2137 990 2202 1021 che
2227 989 2249 1020 ’1

1407 1050 1500 1081 fosse
1524 1049 1630 1080 unido
1654 1059 1720 1080 con
1744 1057 1855 1079 meser
1875 1045 2034 1078 Bernabb
2051 1050 2085 1075 et
2105 1043 2171 1075 che
2191 1041 2250 1074 elli

1408 1103 1590 1134 cerchasse
1615 1103 1658 1134 de
1684 1102 1818 1134 condur
1841 1108 2034 1142 compagne
2066 1097 2099 1128 ai
2131 1094 2248 1128 damni

1408 1155 1466 1187 del
1481 1155 1665 1198 magnifico
1681 1156 1802 1198 signor
1819 1154 1944 1186 mesier
1962 1153 2168 1186 Frzmcesco,
2184 1159 2249 1190 pur

1408 1209 1439 1240 el
1465 1209 1590 1240 mostrb
1623 1209 1665 1240 de
1698 1209 1805 1239 haver
1840 1206 1942 1238 muda
1973 1205 2112 1236 l’animo
2145 1211 2184 1234 so
2215 1207 2249 1232 et

1408 1261 1532 1293 mando
1546 1272 1584 1294 so
1599 1272 1711 1293 messo
1724 1262 1756 1293 al
1769 1262 1861 1294 dicto
1875 1261 1991 1303 signor
2006 1258 2131 1290 mesier
2144 1257 2250 1289 Fran-

1408 1325 1523 1353 cesco,
1546 1315 1701 1357 digando
1724 1316 1789 1347 che
1814 1315 1881 1347 ello
1904 1324 1948 1346 no
1973 1313 2073 1345 volea
2097 1311 2158 1342 dar
2182 1310 2249 1341 iso

1407 1369 1497 1410 passi
1522 1380 1542 1400 a
1573 1375 1676 1412 gente
1707 1369 1844 1411 alguna,
1869 1369 1934 1400 che
1967 1367 2118 1408 vignisse
2149 1363 2180 1394 ai
2211 1372 2249 1394 so

1408 1423 1534 1463 damni,
1559 1423 1636 1465 anci
1662 1422 1721 1464 piu
1753 1422 1818 1453 che
1842 1421 1911 1453 ello
1940 1421 1973 1452 lo
2004 1418 2172 1451 intendea
2204 1417 2247 1447 de

1406 1476 1602 1514 deffender,
1626 1482 1659 1508 et
1682 1475 1713 1507 o’
1739 1476 1803 1507 che
1828 1475 1898 1507 ello
1924 1473 1980 1505 nol
1997 1481 2153 1514 possesse
2173 1469 2250 1501 def-

1407 1530 1544 1567 fender,
1567 1530 1632 1561 che
1651 1529 1721 1561 ello
1745 1540 1804 1561 era
1827 1534 1991 1560 contento
2017 1526 2082 1557 che
2109 1524 2129 1554 'l
2155 1523 2249 1554 dicto

1406 1583 1595 1626 magnifico
1619 1584 1738 1625 signor
1761 1582 1886 1613 mesier
1910 1582 2108 1612 Francesco
2133 1588 2199 1609 con
2217 1577 2249 1608 le

1407 1642 1511 1678 gente
1533 1647 1570 1668 so
1595 1646 1630 1668 se
1655 1644 1810 1678 possesse
1834 1634 2019 1666 deffender
2043 1642 2122 1664 suso
2149 1630 2180 1662 el
2212 1640 2249 1662 so
2269 1669 2277 1675 ,

1407 1695 1532 1721 terren.

1495 1797 1570 1827 263.
1594 1814 1634 1818 —
1659 1795 1896 1827 Dubitandose
1929 1795 1960 1825 el
1986 1793 2178 1835 magnifico
2206 1792 2251 1824 si-

1407 1860 1494 1892 gnor
1524 1849 1647 1881 mesier
1671 1849 1866 1880 Francesco
1890 1848 1933 1879 de
1959 1847 2116 1887 Carrara,
2147 1846 2249 1889 nauci

1408 1903 1472 1934 che
1497 1903 1564 1934 ello
1589 1903 1732 1934 havesse
1757 1901 1895 1933 habudo
1920 1901 1930 1931 i
1956 1899 2088 1931 castelli
2113 1900 2147 1930 in
2166 1899 2249 1931 Val-

1406 1955 1583 1998 lasugana,
1608 1966 1669 1996 per
1692 1955 1725 1986 la
1750 1953 1874 1991 novita,
1898 1953 1963 1984 che
1987 1953 1999 1984 i
2024 1963 2082 1984 era
2102 1962 2247 1984 occorsa

1407 2008 1461 2040 col
1488 2009 1570 2040 duse
1599 2009 1642 2039 de
1673 2008 1847 2045 Ostorico‚
1875 2017 1937 2048 per
1968 2017 2004 2038 so
2036 2016 2148 2038 messo
2179 2005 2248 2036 ello

1407 2061 1537 2104 requiri
1561 2062 1594 2093 la
1618 2059 1792 2093 comunita
1815 2061 1858 2092 de
1884 2060 2053 2101 Fiorenca
2078 2059 2122 2090 de
2138 2057 2248 2090 subsi-

1407 2115 1477 2152 dio,
1495 2121 1529 2146 et
1545 2121 1671 2156 presto,
1691 2115 1919 2145 fermamente
1938 2113 2114 2145 credando
2133 2111 2248 2154 quello

1408 2178 1451 2200 no
1468 2178 1512 2210 ge
1530 2168 1636 2199 dover
1653 2178 1771 2208 posses
1788 2167 1964 2198 mancliar.
2004 2165 2047 2197 Al
2065 2175 2176 2197 messo
2193 2165 2248 2196 del

1408 2221 1487 2263 qual
1511 2220 1700 2263 magnifico
1724 2221 1840 2262 signor
1865 2220 1900 2251 fo
1925 2219 2137 2262 largamente
2155 2219 2250 2250 facta

1408 2274 1440 2305 la
1463 2274 1618 2315 proserta
1643 2280 1676 2304 et
1699 2274 1764 2305 che
1789 2272 1899 2304 subito
1924 2282 2043 2304 serave
2060 2273 2155 2304 facto
2171 2271 2249 2313 quel

1408 2327 1472 2358 che
1489 2327 1511 2357 'l
1535 2327 1762 2363 domandava,
1780 2336 1835 2356 ma
1851 2337 1915 2367 pur
1931 2326 2032 2357 meno
2048 2324 2075 2357 si
2092 2325 2126 2357 in
2143 2325 2249 2368 longo

1409 2379 1440 2410 el
1464 2379 1558 2410 dicto
1582 2379 1700 2420 signor
1715 2379 1839 2410 mesier
1858 2379 2065 2416 Francesco,
2090 2380 2155 2410 che
2173 2378 2195 2408 ’l
2211 2378 2248 2409 fo

1409 2437 1604 2464 constrecto
1627 2442 1647 2462 a
1670 2431 1943 2474 redomandarge
1969 2433 1999 2463 el
2024 2433 2118 2464 dicto
2142 2431 2250 2464 subsi-

1410 2485 1466 2516 dio
1490 2495 1551 2526 per
1574 2484 1663 2516 altro
1687 2495 1807 2516 messo.
1843 2486 1858 2516 I
1882 2486 1984 2527 quali,
2009 2485 2095 2518 vinti
2112 2486 2156 2517 da
2172 2495 2248 2517 ver-

1408 2549 1533 2582 gogna,
1555 2548 1599 2570 no
1623 2538 1797 2570 habiando
1820 2550 1841 2570 a
1864 2546 1978 2571 mente
2001 2539 2014 2570 i
2036 2539 2168 2576 servisi,
2185 2538 2248 2570 che

1410 2592 1442 2623 el
1465 2591 1558 2623 dicto
1581 2592 1768 2633 magnifico
1801 2591 1920 2634 signor
1949 2592 1982 2623 ie
2014 2592 2122 2623 havea
2153 2591 2248 2623 facto

1410 2650 1530 2676 contra
1552 2644 1561 2674 i
1589 2644 1702 2675 Pisani
1727 2650 1761 2676 et
1777 2645 1862 2676 altre
1885 2655 2043 2686 persone,
2060 2644 2094 2676 ie
2110 2643 2248 2685 mando,

1409 2698 1454 2729 da
1478 2697 1534 2738 po'
1559 2697 1623 2728 che
1648 2697 1669 2728 'l
1694 2697 1788 2729 dicto
1811 2697 1929 2739 signor
1955 2697 2068 2729 havea
2091 2696 2130 2739 ςὲ.
2155 2697 2248 2729 habu

1409 2750 1553 2782 victoria
1578 2751 1621 2782 de
1645 2749 1756 2782 Biasio
1782 2751 1825 2782 da
1844 2750 1943 2792 Jvau,
1963 2750 2128 2783 bandiere
2152 2751 2248 2782 diese

1409 2802 1478 2845 [de]
1508 2803 1636 2834 homini
1672 2803 1804 2835 armadi
1833 2811 1867 2835 et
1896 2809 1948 2835 tre
1981 2804 2024 2835 de
2058 2803 2246 2846 Hongaria.

1410 2856 1475 2888 Ale
1493 2857 1572 2898 qual
1591 2863 1693 2898 gente
1710 2856 1769 2887 elli
1784 2857 1831 2888 fe’
1847 2862 2091 2888 strectamente
2109 2866 2249 2889 coman-
