2422 3684
350 1740 380 1757 10

348 2164 382 2181 20

351 2587 384 2611 30

351 2798 383 2823 35

352 3006 386 3030 40

756 221 930 257 GESTA
957 221 1261 258 MAGNIFICA
1291 222 1473 258 DOMUS
1502 223 1886 260 CARRARIENSIS

400 353 519 384 linum.
565 353 718 386 Fuerunt
744 360 779 387 et
803 355 911 387 eciam
936 355 993 396 qui
1019 355 1177 387 dicerent
1201 355 1375 387 dominum
1393 356 1639 399 Caeamontem
1656 358 1699 389 de
1716 358 1856 396 Tuscia,
1880 358 1999 390 Padue
2016 362 2231 399 potestatem,

406 406 574 448 predictis
597 408 773 440 conscium
796 409 994 440 interfuisse
1009 410 1029 440 ¹.
1074 407 1163 452 Aeo,
1181 410 1321 441 estensis
1338 410 1501 448 marchio,
1518 411 1562 442 ad
1585 421 1691 443 voces
1709 417 1819 444 motus
1843 411 2076 453 predictorum
2101 415 2136 442 et
2151 421 2230 452 pre-

404 459 509 501 cipue
534 459 665 492 domini
687 460 818 500 Iacobi‚
843 473 959 494 versus
983 462 1135 494 Paduam
1158 462 1227 495 iter
1249 464 1385 505 accepit
1409 474 1484 495 cum
1511 463 1669 506 gentibus
1693 466 1760 497 suis
1785 471 1819 497 et
1843 465 2061 496 multitudine
2080 463 2232 495 sociatus

404 513 606 552 amicorum,
628 515 718 546 inter
740 526 826 557 quos
851 526 927 546 cum
952 515 1073 556 pulcra
1097 523 1302 548 armatorum
1327 517 1490 549 comitiva
1515 518 1581 549 fuit
1604 519 1677 560 ipse
1695 519 1896 560 magnificus
1913 518 2069 550 dominus
2087 517 2234 549 Iacobus

405 566 448 598 de
473 567 670 605 Carraria²;
695 569 876 610 positoque
902 570 985 601 dicti
1008 570 1220 602 marchionis
1245 572 1400 603 exercitu
1424 571 1460 602 in
1491 572 1595 604 Prato
1626 573 1727 604 vallis
1756 573 1849 604 iuxta
1879 577 2023 613 portam,
2055 571 2232 612 predictus

403 620 563 651 dominus
587 621 733 653 Iacobus
756 633 832 653 cum
859 629 1065 655 armatorum
1090 625 1193 666 copia
1216 625 1261 655 ad
1293 630 1425 665 portam
1458 625 1628 667 equitavit
1657 626 1918 662 Turisellarum,
1951 635 2050 666 quam
2083 624 2233 656 clausam

404 673 582 705 adinvenit
605 681 650 712 et,
673 676 970 717 qualitercumque
995 677 1095 714 foret,
1113 689 1133 708 a
1148 678 1348 709 custodibus
1364 678 1507 710 viriliter
1525 678 1668 710 defendi
1681 677 1701 711 ³.
1749 679 1902 711 Predicti
1920 689 2001 710 vero
2019 677 2161 714 nobiles,
2178 677 2234 718 qui

405 732 538 766 portam
563 727 703 760 domino
728 729 880 761 Iacobo⁴
906 731 988 761 dare
1013 731 1253 770 promiserant,
1277 731 1436 763 videntes
1457 742 1526 763 non
1544 742 1642 773 posse
1660 732 1828 773 promissa
1851 732 2031 773 perficere,
2055 731 2099 762 ad
2127 729 2235 761 domi-

404 790 485 810 num
509 781 743 812 marchionem
767 782 802 813 in
827 782 929 815 Prato
955 783 1065 815 Vallis
1089 784 1255 816 exierunt.
1302 784 1457 823 Interim,
1481 785 1559 816 dum
1589 786 1790 827 magnificus
1821 785 1980 817 dominus
2014 783 2161 815 Iacobus
2192 782 2234 813 de

407 831 565 864 Carraria
588 840 721 875 portam
744 835 892 867 viriliter
915 843 1103 878 oppugnat,
1135 838 1322 880 Eceelinus
1346 839 1389 869 de
1414 838 1573 870 Romano
1597 839 1642 870 ad
1674 838 1898 871 clamancium
1923 848 2028 869 voces
2053 836 2235 872 excitatur,

404 896 553 927 moxque
577 898 661 920 sono
686 899 853 930 campane
872 890 1028 921 comunis
1045 890 1208 932 populum
1228 892 1390 923 excitavit
1406 892 1450 922 ad
1467 902 1571 928 arma,
1596 902 1742 934 cumque
1767 891 1990 928 theotonicis,
2007 900 2093 932 quos
2109 889 2237 930 stipen-

405 937 462 970 dio
487 939 647 979 habebat,
673 951 817 983 cumque
841 942 909 973 suis
933 943 976 974 de
1001 943 1214 975 Pedemonte
1239 950 1273 975 et
1296 944 1427 976 milicia
1452 944 1611 985 paduana
1637 945 1679 976 ad
1704 950 1837 985 portam
1862 944 2025 982 cucurrit,
2050 953 2150 985 quam
2175 942 2236 973 do-

403 992 514 1024 minus
538 994 683 1026 Iacobus
708 995 948 1038 oppugnabam
967 1007 1068 1038 quam
1094 998 1243 1029 clausam
1268 998 1456 1038 reperiens,
1480 1009 1542 1039 per
1563 1004 1694 1039 portam
1719 998 1829 1029 sancti
1847 997 1993 1029 Steffani
2012 1003 2047 1028 et
2062 996 2235 1037 platheam

405 1046 514 1077 sancti
542 1047 682 1079 Antonii
706 1058 782 1079 cum
807 1049 963 1090 gentibus
987 1049 1069 1088 suis,
1093 1050 1219 1082 vadato
1238 1050 1388 1088 flumine,
1412 1051 1567 1092 pervenit
1590 1049 1635 1082 ad
1666 1050 1806 1082 Pratum
1839 1050 1960 1087 Vallis,
1984 1049 2041 1081 ubi
2074 1048 2231 1080 marchio

405 1100 550 1130 estensis
573 1106 657 1139 erat,
681 1102 725 1133 ad
749 1112 849 1143 quem
877 1102 987 1134 eciam
1011 1103 1077 1134 iam
1103 1104 1257 1135 redierat
1274 1104 1432 1135 dominus
1448 1103 1594 1136 Iacobus
1610 1104 1654 1136 de
1677 1104 1848 1141 Carraria,
1872 1103 2046 1144 impotens
2069 1103 2113 1133 ad
2138 1106 2235 1142 porte

406 1152 599 1193 captionem
615 1152 636 1185 ⁵.
684 1154 804 1186 Subito
827 1154 922 1186 iubet
947 1156 1130 1198 Eccelinus
1152 1162 1291 1199 gentem
1315 1167 1411 1188 suam
1434 1156 1594 1188 insultum
1619 1157 1737 1189 facere
1761 1156 1797 1187 in
1830 1162 1966 1198 gentem
1991 1154 2201 1187 marchionis
2215 1151 2236 1190 ⁸,

494 1307 515 1324 1.
539 1302 631 1324 forent
654 1303 688 1325 ,ῚΙ
703 1314 734 1318 -
756 1309 778 1326 2,
800 1302 876 1333 Acco
897 1305 987 1327 autem
1010 1305 1032 1328 S
1057 1318 1088 1321 —
1110 1311 1162 1336 2·3.
1181 1308 1208 1328 ot
1232 1306 1363 1337 precipue
1382 1306 1494 1329 domini
1514 1306 1609 1330 iacobi
1634 1314 1682 1330 om.
1709 1306 1731 1330 S
1754 1320 1784 1323 —
1805 1314 1828 1338 4.
1850 1307 1908 1337 ipse
1929 1304 2033 1337 magn]
2054 1304 2196 1336 predictus
2218 1303 2240 1328 S

405 1356 436 1359 —
459 1349 481 1372 5.
502 1343 636 1374 predicti}
658 1345 716 1375 ipsc
737 1345 759 1368 S
776 1358 808 1362 —-
829 1345 852 1369 S.
873 1346 948 1369 dom.
968 1346 1035 1378 Iao]
1057 1348 1216 1371 marchioni
1236 1347 1259 1372 S
1278 1361 1307 1364 —
1328 1355 1351 1379 9.
1373 1346 1478 1380 magm]
1504 1349 1564 1379 ipse
1590 1348 1613 1372 S
1638 1362 1666 1365 —
1698 1355 1736 1372 12.
1764 1348 1797 1372 ad
1824 1350 1898 1381 port.
1922 1346 2128 1371 Turisellarum
2155 1345 2178 1370 S
2204 1358 2235 1363 —-

407 1392 446 1416 13.
466 1383 559 1417 quam]
582 1387 725 1417 ipsamque
746 1387 768 1410 S
786 1400 817 1404 —
840 1394 879 1418 14.
899 1389 961 1411 vad.
982 1388 1020 1411 ibi
1045 1391 1066 1413 S
1083 1403 1115 1406 —
1139 1395 1176 1420 15,
1196 1390 1250 1413 iam
1271 1398 1318 1413 om.
1339 1390 1362 1414 S
1380 1403 1411 1407 -
1434 1389 1472 1414 16.
1494 1391 1571 1414 iubet
1591 1391 1670 1414 illico
1692 1391 1714 1415 S

407 1493 478 1516 poco
500 1484 549 1518 piii
569 1487 682 1510 innanzi
706 1495 786 1511 senza
801 1491 996 1521 preoccuparsi
1013 1489 1042 1512 (11
1057 1491 1254 1514 armonizzare
1274 1491 1298 1514 le

407 1528 460 1551 due
481 1529 589 1552 notizie
605 1530 631 1552 (11
654 1530 764 1554 diversa
783 1532 903 1561 origine.
942 1532 1026 1555 Forsc
1047 1533 1133 1556 aiu-hc
1154 1533 1182 1556 in
1198 1535 1297 1563 questo

408 1570 495 1601 luogo
516 1569 528 1594 ὲ
547 1571 580 1593 da
601 1573 745 1595 ravi-isare
765 1573 870 1604 l'opcra
896 1574 939 1597 del
965 1577 1096 1604 postumo
1122 1576 1297 1598 contamina-

405 1613 468 1634 tore
487 1613 513 1635 (li
537 1612 596 1643 (a)?

498 1653 503 1667 ¹
525 1654 713 1686 RoerNmNo,
736 1656 781 1685 IV,
803 1662 831 1687 3:
856 1658 868 1669 “
882 1659 908 1681 et
926 1658 1039 1682 fuerunt
1055 1659 1172 1689 plurimi
1193 1659 1240 1690 qui
1255 1659 1298 1683 ‹li-

413 1696 426 1708 “
439 1699 541 1720 xerunt
573 1699 646 1728 qnod
675 1699 727 1721 hoc
755 1700 930 1723 tractabatur
956 1701 988 1725 (lc
1015 1702 1191 1725 conscientia
1220 1703 1296 1732 potc-

407 1738 419 1750 “
433 1739 515 1761 statis
526 1756 547 1768 „.
589 1740 607 1762 ll
625 1747 706 1763 nomo
721 1749 779 1766 sun.
795 1741 954 1774 Caqa=*(›nte
969 1744 1000 1766 (1ο
1015 1743 1127 1768 Tuscia.
1146 1742 1160 1767 'c
1176 1744 1247 1767 fatto
1263 1744 1297 1767 da

408 1780 575 1804 Rolaw'ino
604 1783 631 1805 in
660 1784 804 1815 principio
830 1785 872 1808 dcl
900 1786 1036 1816 capitolo,
1059 1787 1197 1818 parlamio
1223 1786 1297 1810 della

412 1823 527 1845 nomina
549 1824 576 1846 (11
600 1824 637 1847 1111
656 1829 707 1854 pra
726 1831 829 1849 rrclnrc
854 1832 881 1850 et
905 1832 1037 1857 potestate
1067 1830 1094 1851 in
1124 1829 1237 1851 i'adova
1263 1828 1297 1851 (la

409 1866 488 1895 parte
515 1865 768 1898 ‹lell'iinpcratorc;
798 1870 894 1892 invoco
928 1870 946 1893 il
976 1872 1074 1893 nostro
1101 1872 1227 1894 cronista
1253 1871 1296 1893 nel

409 1907 496 1937 luogo
511 1910 746 1940 voi-rispwndcnn-
762 1912 840 1942 paria
856 1912 882 1934 (11
900 1912 1033 1936 Εκκς1111υ
1044 1916 1096 1942 stro
1112 1914 1239 1936 Fedcrico
1251 1913 1297 1935 im—

407 1953 535 1978 pcrnwre
555 1951 638 1979 ipsam
659 1954 788 1982 rqwntis.
826 1952 933 1980 Qucsio
950 1955 1045 1978 nobile
1059 1958 1179 1979 {oscano
1203 1956 1231 1978 su
1251 1963 1299 1987 po-

409 1991 486 2014 dest-'1
508 1993 533 2014 (11
556 1992 671 2017 Ρ;1(1ο1-;ι
692 1995 735 2017 nel
762 1995 835 2024 ¹238,
857 1997 899 2019 nel
922 1997 986 2027 qual
1009 2005 1084 2020 anno
1105 1998 1128 2020 si
1150 1998 1296 2020 svolseroi

412 2034 474 2056 fatti
489 2036 534 2064 qui
550 2038 655 2059 narrati
669 2037 717 2067 (cf.
730 2037 854 2064 (houm,
868 2040 945 2061 Seric
956 2040 1119 2069 deipodesm
1131 2041 1297 2067 MPadova:

410 2075 554 2106 BONARDI,
578 2078 657 2100 Lilwr
680 2080 862 2109 Ιθεζριίηἰηηηι,
882 2081 923 2104 cd.
942 2081 998 2111 cit„
1020 2089 1046 2113 p.
1067 2080 1125 2107 226.
1147 2089 1171 2104 n.
1193 2081 1228 2112 3).

498 2116 507 2132 ²
529 2119 714 2150 Rommnxn,
735 2121 780 2151 IV,
803 2129 832 2151 3:
855 2122 867 2135 ‘¹
879 2122 1013 2154 Contigit
1027 2125 1118 2147 antem
1133 2123 1207 2154 quod
1223 2124 1298 2147 ‹lom-

411 2159 507 2190 “pnus
533 2162 659 2185 marchio
686 2170 775 2186 sevum
804 2165 902 2188 habuit
929 2165 1082 2196 dompnum
1109 2166 1239 2189 Iacobum
1266 2166 1299 2189 dc

411 2203 423 2214 “
437 2202 576 2229 Carraria.
597 2204 756 2236 paduanum
778 2207 875 2236 rivi-ni,
898 2209 1052 2237 sapientem
1073 2209 1100 2230 et
1120 2208 1236 2239 probum
1259 2209 1298 2231 vi-

410 2242 423 2254 ⁴¹
435 2252 502 2272 rumv
518 2245 670 2276 dompnum
692 2247 866 2277 L'gncionem
883 2249 915 2272 de
930 2249 993 2272 Piio
1005 2249 1038 2273 de
1054 2250 1217 2275 Vincenda,
1232 2252 1298 2273 stre-

412 2285 425 2297 “
438 2293 520 2308 nuum
542 2289 567 2309 et
582 2290 704 2311 astutum
719 2291 746 2311 ct
761 2290 893 2319 quosdam
910 2290 982 2313 alios
999 2291 1106 2313 nobiles
1127 2291 1159 2314 (le
1174 2291 1300 2315 Marehia

413 2330 567 2357 “potentes
586 2332 611 2351 ct
635 2337 749 2359 magnos
773 2331 859 2358 viros,
882 2332 989 2355 milites
1013 2335 1040 2355 et
1060 2333 1177 2364 pedites,
1198 2334 1243 2363 qui
1266 2333 1298 2356 de

370 2378 380 2384 -
410 2371 421 2382 ‘⁴
436 2370 530 2393 Patina
550 2371 697 2394 exiverant
717 2375 831 2403 propter
852 2377 951 2396 nivtun}
973 2376 1000 2398 ct
1016 2382 1071 2397 non
1088 2374 1198 2397 modica
1213 2381 1298 2405 quan-

411 2412 422 2424 ‘⁴
435 2412 519 2434 titane
530 2430 554 2442 η.
591 2412 758 2437 Rolandino
779 2415 873 2438 elem-a
889 2417 935 2446 poi
958 2417 1025 2440 tutti
1041 2416 1138 2447 quelli,
1152 2417 1200 2440 che
1212 2419 1300 2447 parte-

411 2455 547 2484 ciparono
568 2455 624 2478 alla
645 2458 783 2485 congium
803 2458 832 2480 in
856 2458 952 2482 favore
971 2459 1014 2482 (1(-1
1037 2459 1177 2482 marchcse
1197 2458 1298 2486 d¹Estc,

411 2504 424 2517 c
445 2503 526 2518 narra
547 2495 585 2525 gli
608 2497 731 2528 intrighi
752 2507 765 2520 c
780 2499 804 2521 le
819 2500 986 2530 opt-razioni
1003 2507 1050 2530 pci-
1065 2500 1108 2523 far
1123 2501 1215 2532 aprire
1229 2500 1297 2523 alui

410 2537 437 2560 la
458 2540 540 2568 porta
561 2538 631 2562 delle
651 2538 816 2563 'sori-icelle.
855 2542 1026 2565 L'anonimo
1047 2542 1190 2565 annalista
1210 2543 1299 2572 toglie

412 2580 456 2603 dal
470 2581 741 2612 particolareggiato
756 2586 889 2606 rae-conto
904 2584 930 2607 (11
947 2584 1109 2607 Rolandino
1123 2584 1187 2607 solo
1200 2584 1299 2608 alcune

412 2622 480 2646 frasi
503 2623 613 2647 riferite
633 2622 682 2654 pih
702 2625 954 2655 particolarmcnte
973 2626 998 2648 al
1021 2626 1178 2650 Carraresc.

500 2663 510 2678 ³
530 2664 720 2695 Rormumo,
746 2667 794 2696 IV,
821 2672 852 2697 5:
870 2667 881 2679 “
897 2668 931 2691 Et
958 2669 1036 2691 venit
1061 2666 1212 2699 (marchio)
1238 2675 1298 2691 eum

412 2705 425 2717 ¹¹
439 2707 528 2730 multa
546 2708 628 2731 turba
648 2710 675 2731 et
694 2711 801 2731 armata
822 2717 905 2733 manu
932 2717 1018 2740 usque
1037 2710 1071 2734 ad
1100 2711 1213 2734 Pratum
1235 2710 1300 2733 Val-

412 2747 425 2759 “
438 2748 528 2772 lia...
549 2750 576 2772 et
596 2752 711 2772 venerat
725 2749 866 2782 dompnus
879 2751 996 2775 Iacobus
1018 2752 1049 2775 de
1069 2752 1202 2776 Carraria
1215 2758 1300 2782 usque

418 2791 474 2813 “ad
496 2792 606 2822 portam
628 2791 845 2815 Turrisellaruni
867 2801 926 2817 vum
943 2794 1039 2825 pulcra
1053 2796 1080 2817 et
1100 2796 1211 2817 strenua
1231 2794 1299 2817 mul—

414 2832 565 2856 “titndine
584 2836 764 2857 armatorum.
803 2834 879 2858 lianc
907 2836 1018 2865 quidem
1041 2838 1149 2867 portam
1178 2835 1301 2859 viriliter

413 2876 425 2888 “
441 2876 650 2906 impugnantes,
669 2876 813 2899 defensam
834 2877 868 2900 ab
894 2878 1060 2901 intrinsecis
1085 2879 1255 2901 invenerunt
1274 2879 1300 2901 et

413 2917 426 2930 “
437 2917 559 2940 clausam
574 2936 595 2948 „.

502 2957 509 2971 '¹
531 2960 563 2988 A,
585 2961 612 2983 in
635 2961 762 2984 armonia
782 2969 797 2985 a
817 2965 925 2992 quanto
953 2964 1052 2986 scrisse
1072 2959 1121 2994 pin
1144 2969 1234 2993 sopra,
1258 2969 1300 2986 so-

413 3001 543 3024 stituisce
557 3002 659 3026 domino
678 3004 768 3027 Iacobo
784 3011 799 3027 a
814 3005 966 3033 marchioni,
981 3012 1058 3028 conte
1071 3005 1093 3028 si
1109 3006 1190 3028 trova
1207 3005 1303 3027 invece

1354 1491 1382 1514 in
1407 1492 1429 1514 C
1446 1491 1664 1522 analogamente
1683 1490 1732 1514 che
1754 1491 1781 1513 in
1803 1490 1977 1513 Rolandino.
2013 1489 2044 1512 In
2066 1490 2133 1520 ogni
2155 1488 2239 1512 modo

1352 1541 1382 1556 su
1404 1534 1442 1557 tal
1464 1536 1554 1566 punto
1570 1534 1589 1557 il
1607 1535 1704 1556 nostro
1724 1533 1867 1556 annalista
1882 1532 1915 1555 ha
1930 1533 2139 1563 rimaneggiato
2162 1531 2180 1554 11
2201 1532 2241 1554 te-

1351 1578 1396 1600 sto
1411 1577 1437 1599 di
1454 1576 1627 1605 Rolandino,
1645 1575 1832 1599 modificando
1847 1581 1883 1599 un
1899 1574 1944 1605 po'
1959 1574 1986 1597 lo
2001 1575 2104 1605 spirito
2119 1573 2161 1596 dcl
2183 1580 2240 1596 rae-

1351 1621 1437 1642 conto
1458 1626 1506 1650 per
1527 1620 1626 1642 metter
1641 1615 1689 1650 pin
1705 1619 1733 1641 in
1749 1618 1852 1641 rilievo
1868 1617 2007 1649 l’oporato
2023 1617 2066 1639 (1(-1
2084 1616 2241 1640 Carrarcse.

1351 1661 1537 1688 Rotas-nmo,
1556 1660 1604 1689 IV,
1632 1666 1660 1690 5:
1688 1660 1768 1683 “suit
1787 1661 1879 1683 autem
1900 1666 1994 1682 verum
2016 1658 2089 1689 qnod
2111 1658 2241 1681 custodes

1352 1703 1559 1727 “defendentes
1580 1705 1749 1735 portam....
1770 1703 1880 1733 portam
1908 1702 2016 1733 aporire
2042 1701 2241 1732 promiserant,

1355 1746 1528 1769 “secundum
1543 1745 1617 1776 quod
1637 1744 1746 1768 occulte
1766 1744 1840 1774 pacti
1858 1743 1969 1766 fucrant
1985 1750 2044 1766 cum
2065 1741 2241 1773 quibusdam.

1353 1789 1365 1801 ‘⁴
1376 1789 1456 1812 Sanc.
1468 1806 1473 1812 .
1485 1808 1490 1812 .
1501 1805 1507 1812 .
1523 1789 1596 1820 quod
1617 1789 1815 1820 promiserant,
1829 1786 2001 1810 fefellerunt,
2034 1786 2113 1809 Tunc
2128 1792 2240 1815 magna·

1354 1830 1367 1843 ‘¹
1380 1834 1420 1855 tes
1441 1831 1554 1862 quidam
1575 1833 1601 1854 et
1627 1829 1789 1854 nobiles...
1816 1830 1862 1859 qui
1890 1828 2109 1851 Turrisollarum
2131 1828 2239 1858 portam

1354 1874 1367 1886 ‘⁴‘
1377 1875 1485 1906 aperire
1499 1873 1649 1905 sperabant
1670 1872 1882 1895 marchioni....
1897 1871 2001 1902 egressi
2015 1872 2080 1893 sunt
2094 1869 2240 1893 civitatem

1354 1916 1365 1928 Ἀ
1376 1917 1403 1938 et
1423 1915 1520 1938 abier
1531 1922 1545 1937 u
1557 1915 1656 1937 nt....
1676 1913 1709 1936 ad
1731 1913 1922 1936 Marchionem
1944 1911 2107 1935 accederent
2121 1913 2240 1934 stantem

1355 1956 1367 1969 “
1380 1959 1408 1981 111
1429 1958 1514 1980 I'rato
1534 1956 1626 1980 Vallis
1640 1973 1662 1985 „-

1441 1998 1451 2013 ⁵
1479 1998 1656 2022 L'annalista
1684 1998 1784 2021 insiste
1811 1997 1986 2027 largamente
2012 2003 2095 2027 sopra
2123 1996 2242 2019 l’azione

1354 2042 1447 2065 svolta
1467 2041 1500 2064 da
1514 2041 1618 2072 Iacopo
1638 2040 1673 2063 da
1693 2040 1820 2067 Carrara,
1847 2039 1874 2062 di
1897 2040 1941 2062 cui
1968 2038 2136 2061 Rolandino
2158 2038 2185 2061 sa
2205 2046 2241 2061 un

1352 2084 1437 2107 breve
1456 2090 1546 2107 cenno
1566 2083 1701 2109 soltanto.
1721 2089 1772 2112 pur
1792 2081 1949 2104 derivando
1970 2083 2045 2104 tutto
2065 2080 2085 2103 11
2107 2082 2242 2104 racconto

1354 2125 1387 2148 da
1415 2124 1477 2155 quel
1503 2126 1586 2147 testo.
1624 2122 1809 2153 Romi-mmo,
1836 2121 1883 2149 IV,
1912 2128 1940 2152 5:
1966 2122 2070 2144 “Tunc
2098 2123 2242 2151 magnates

1355 2165 1367 2177 ‘¹
1380 2165 1492 2196 qnidam
1507 2166 1533 2188 ct
1549 2164 1659 2187 nobiles
1663 2180 1722 2191 .....
1737 2164 1882 2186 audientes
1895 2170 2060 2193 campanam
2076 2162 2242 2190 communis,

1355 2208 1367 2220 “
1379 2215 1426 2238 per
1440 2215 1520 2238 quain
1543 2207 1674 2230 licelinus
1694 2208 1882 2237 congregatos
1897 2205 1990 2228 subito
2004 2205 2153 2228 Paduanos
2176 2205 2242 2228 fecit

1356 2249 1368 2261 ¹⁴
1379 2249 1483 2273 armari
1495 2251 1581 2272 ct....
1595 2249 1738 2271 animatos
1752 2248 1864 2270 exacuit
1879 2247 1911 2270 ad
1927 2247 2117 2279 pugnandum,
2137 2247 2240 2277 egressi

1355 2289 1508 2315 “sunt....
1547 2291 1655 2314 Interea
1682 2289 1813 2312 Evelinus
1834 2291 1946 2320 paratus
1968 2291 2055 2316 intus,
2084 2297 2097 2312 a
2125 2289 2242 2312 civitate

1356 2333 1440 2355 “cum
1460 2334 1568 2355 armata
1589 2333 1648 2354 tota
1670 2331 1778 2353 milicia
1798 2331 1938 2363 paduana,
1965 2338 2026 2353 cuni
2053 2330 2241 2354 Theotonicis

1356 2375 1367 2387 ‘⁴
1382 2377 1408 2398 et
1428 2381 1490 2396 cum
1511 2375 1568 2397 suis
1588 2373 1621 2396 de
1642 2373 1820 2400 l'edernonte,
1842 2372 1988 2402 magnifiee
2004 2374 2031 2396 ct
2052 2374 2180 2404 potenter
2201 2379 2243 2396 ve-

1884 2415 1917 2439 Et
1933 2415 2030 2438 videns
2044 2422 2103 2438 eam
2118 2414 2242 2438 clausam

1356 2459 1406 2482 “et
1427 2458 1572 2486 firmatam,
1593 2459 1709 2481 vocavit
1730 2457 1802 2488 apud
1824 2465 1851 2480 se
1871 2457 2026 2489 dompnum
2047 2457 2220 2488 Ugonem...
2235 2475 2241 2481 .

1354 2500 1451 2524 “ct...
1465 2518 1471 2524 .
1492 2501 1577 2524 vertit
1600 2507 1627 2522 sc
1648 2507 1709 2523 cum
1731 2501 1791 2523 tota
1813 2500 1919 2522 milicia
1948 2499 1981 2522 ad
2008 2501 2123 2531 pontem
2143 2498 2241 2522 Sancti

1354 2543 1514 2574 “Stephani
1543 2544 1570 2566 et
1599 2543 1703 2566 exinde
1732 2542 1766 2566 ad
1800 2542 1943 2574 plathcam
1973 2543 2066 2566 saneti
2095 2542 2239 2565 Anthonii

1356 2586 1368 2598 ‘¹
1379 2585 1537 2616 equitavit.
1611 2585 1755 2608 descendit
1775 2585 1809 2608 ab
1831 2592 1930 2615 aggere
1949 2584 2073 2608 fluminis
2094 2585 2122 2608 et
2141 2591 2241 2615 aquam

1356 2628 1493 2659 “parvam
1515 2627 1547 2650 de
1574 2627 1651 2650 facili
1679 2629 1830 2655 transiens,
1854 2629 1965 2658 gentem
1986 2633 2063 2650 suam
2090 2633 2244 2658 congrega·

1353 2669 1435 2693 “tarn
1456 2669 1557 2692 habuit
1577 2669 1652 2692 ultra
1672 2676 1789 2699 aquam3
1808 2671 1837 2692 et
1855 2670 1920 2692 sic..
1933 2685 1956 2693 ..
1976 2669 2106 2698 pervenit
2127 2669 2154 2691 in
2175 2667 2242 2691 Pra-

1355 2711 1366 2723 “
1379 2713 1447 2735 tum.
1460 2729 1464 2734 .
1475 2730 1480 2734 .
1491 2730 1496 2734 .

1355 2415 1367 2428 ¹⁴
1381 2417 1423 2439 nit
1443 2416 1476 2439 ad
1492 2418 1602 2446 portam
1616 2415 1845 2438 Turi-isellarnm.

1535 2711 1593 2734 Iam
1613 2711 1729 2734 Iacobus
1749 2712 1782 2734 (le
1804 2709 1937 2734 Carraria
1957 2717 2097 2741 regressus
2123 2711 2183 2734 erat
2208 2709 2241 2733 dc

1357 2752 1474 2785 “portis
1499 2752 1717 2776 Turrisellarum
1739 2753 1772 2776 ad
1794 2753 1987 2776 Marchionem
2014 2759 2074 2775 cum
2101 2751 2168 2780 illis,
2193 2751 2242 2782 qui

1356 2794 1470 2818 “seeum
1492 2796 1631 2817 steterant
1651 2795 1682 2818 in
1703 2794 1858 2826 pugnando
1870 2811 1894 2823 „.

1441 2834 1452 2850 ⁶
1479 2836 1619 2865 Roman.⁷
1650 2836 1695 2866 IV⁷
1725 2842 1748 2866 5.
1787 2837 1912 2860 “Voluit
1943 2836 2082 2867 dompnus
2110 2835 2242 2859 Ecelinus

1355 2878 1451 2909 “quod
1483 2879 1655 2902 Thcutonici
1684 2880 1777 2910 primo
1804 2878 1923 2902 ferirent
1944 2879 1971 2901 in
1992 2878 2085 2901 hostes
2098 2894 2121 2907 „.
2159 2876 2242 2901 L'an-

1354 2920 1459 2944 nalista
1480 2921 1504 2943 al
1526 2921 1599 2944 fatto
1627 2921 1757 2952 specifico
1783 2920 1898 2944 sostitui
1926 2927 1982 2944 una
2002 2919 2077 2943 irase
2102 2919 2242 2949 generica,

1353 2962 1518 2985 omettendo
1538 2963 1575 2993 gli
1598 2963 1663 2986 altri
1685 2963 1852 2995 particulari
1873 2962 1949 2986 dello
1969 2963 2082 2985 scontro
2098 2961 2240 2993 registrati

1355 3004 1389 3027 da
1407 3003 1582 3028 Rolandino.

2259 836 2301 866 10

2264 1100 2300 1132 15

2265 1659 2300 1696 145

2269 1873 2303 1899 50

2270 2086 2302 2114 55

2269 2288 2303 2313 60

2269 2712 2304 2739 70

2269 2925 2301 2952 75
