2422 3684
373 2767 404 2784 10

377 3022 404 3047 15

424 230 472 263 42
801 226 969 263 GESTA
998 225 1302 262 MAGNIFICA
1331 224 1518 261 DOMUS
1546 225 1938 263 CARRARIENSIS

514 360 585 392 114.
612 360 713 402 [114].
737 378 778 383 -—
803 360 868 393 Die
894 366 1007 392 autem
1039 369 1120 390 xrm
1150 358 1302 400 predicti
1332 357 1466 394 mensis,
1495 358 1655 390 dominus
1687 357 1857 390 Mastinus
1882 359 2054 391 dominam
2078 358 2257 391 Thadeam

423 414 561 456 publice
587 414 811 455 desponsavit
825 413 845 445 ¹.

514 513 583 542 115.
610 512 710 552 [115].
738 530 779 534 -
806 512 885 543 Non
909 511 1024 542 multis
1049 510 1171 542 diebus
1196 516 1272 551 post
1296 510 1455 551 predicta
1480 509 1636 541 dominus
1667 510 1840 541 Marsilius
1864 511 1907 542 de
1933 510 2093 542 Carraria
2117 510 2159 541 de
2178 520 2259 541 con-

421 576 522 597 sensu
548 565 675 597 domini
700 565 803 597 Canis
819 565 827 579 ²
852 566 894 596 de
919 564 1093 596 Paduanis
1118 563 1318 595 extrinsecis
1343 564 1511 604 disposuit
1533 574 1596 604 pro
1614 574 1673 595 sue
1703 563 1844 596 arbitrio
1861 563 2056 600 voluntatis,
2072 564 2161 594 inter
2176 574 2260 605 quos

423 629 464 649 ex
488 618 659 660 aliquibus
683 619 914 660 predictorum
948 619 1088 649 fuerunt
1119 617 1210 648 bona
1241 623 1411 659 tamquam
1451 616 1631 648 rebellium
1664 617 1852 658 publicata,
1887 618 2020 648 scilicet
2050 617 2185 648 illorum
2218 617 2260 648 de
2285 616 2303 647 5

422 671 655 711 Macharuffis,
678 673 721 703 de
746 673 871 707 Dente,
896 671 940 703 de
973 671 1181 707 Terradura,
1212 671 1254 702 de
1287 670 1416 710 Buglis,
1447 671 1490 701 de
1531 670 1690 707 Roncho,
1715 672 1756 702 de
1789 670 1973 708 Alticlinis,
2002 671 2192 712 aliquorum
2217 671 2260 701 de

422 725 571 756 Maliciis
596 731 629 757 et
654 727 763 757 eciam
787 725 940 760 aliorum,
965 735 1107 766 quorum
1132 724 1222 755 bona
1254 730 1287 754 et
1317 723 1402 754 alias
1441 723 1588 755 infinitas
1619 723 1763 755 divicias
1794 725 1951 756 dominus
1983 724 2088 755 Canis
2120 722 2262 754 donavit

423 779 565 810 domino
590 779 744 810 Marsilio
762 779 805 810 de
822 778 992 815 Carraria,
1009 778 1187 818 ipsumque
1205 777 1241 808 in
1257 782 1388 807 tantum
1408 776 1541 814 ditavit,
1557 783 1594 808 ut
1611 777 1702 808 solus
1719 777 1762 808 ab
1779 777 1934 810 omnibus
1957 777 2134 808 diceretur
2150 776 2262 808 dicior

423 838 540 863 cetera
564 831 694 863 Padua.

517 939 586 970 116.
612 937 711 979 [1161.
737 956 777 960 ——
803 937 969 969 Dominus
993 937 1108 975 Canis,
1133 936 1253 969 volens
1278 936 1451 977 publicum
1476 937 1598 968 festum
1618 937 1651 967 in
1668 936 1810 968 Verona
1827 936 2028 968 celebrare³
2047 937 2090 968 de
2108 935 2261 968 dominio
2290 935 2328 966 10

424 991 543 1022 Padue
569 992 617 1022 sic
644 991 796 1023 feliciter
819 991 1002 1031 acquisito,
1026 991 1180 1022 Paduam
1207 991 1298 1022 misit
1330 990 1504 1022 dominum
1536 989 1759 1021 Balardinum
1792 990 1836 1021 de
1870 990 2064 1032 Nogarolis,
2096 989 2154 1031 qui
2186 999 2264 1020 cum

422 1051 596 1086 potestate
620 1045 740 1076 Padue
761 1051 794 1075 et
817 1044 976 1075 omnibus
999 1044 1172 1076 nobilibus
1200 1043 1374 1075 paduanis
1405 1043 1577 1074 dominam
1609 1043 1789 1075 Thadeam
1821 1044 1864 1074 de
1895 1043 2056 1076 Carraria
2089 1043 2266 1074 Veronam

424 1099 580 1130 sociavit.
627 1099 665 1129 In
692 1098 786 1129 cuius
818 1097 1003 1129 adventum
1035 1098 1192 1129 dominus
1220 1097 1323 1128 Canis
1355 1096 1531 1128 Veronam
1563 1096 1670 1128 exivit
1700 1097 1884 1128 multorum
1917 1097 2082 1128 nobilium
2116 1095 2264 1127 sociatus

425 1152 599 1191 comitiva,
623 1151 822 1192 specialiter
845 1151 1012 1193 Obiconis
1035 1150 1243 1181 marchionis
1268 1150 1420 1190 estensis,
1446 1149 1576 1181 domini
1599 1148 1746 1180 Marsilii
1777 1150 1820 1181 de
1851 1150 2022 1185 Carraria,
2054 1148 2261 1180 marchionis

426 1204 579 1245 Spinete,
603 1204 747 1246 Ricardi
774 1205 817 1235 de
843 1203 998 1239 Camino,
1024 1202 1169 1234 Marsilii
1195 1204 1237 1234 de
1262 1202 1395 1234 Rubeis
1418 1209 1452 1234 et
1476 1203 1551 1233 aliis
1574 1203 1698 1234 multis.
1747 1203 1874 1244 Sicque
1899 1202 1954 1234 die
1970 1202 2079 1234 sabati
2096 1201 2261 1244 vigesimo
2289 1199 2326 1231 15

425 1264 522 1288 sexto
547 1256 745 1288 novembris
760 1257 900 1288 domina
917 1257 1073 1293 Tliadea‚
1091 1266 1175 1287 uxor
1192 1256 1324 1287 domini
1342 1256 1495 1292 Mastini‚
1511 1255 1651 1287 Verone
1669 1255 1843 1287 civitatem
1860 1255 1998 1287 intravit
2016 1266 2093 1287 cum
2112 1254 2260 1285 omnium

426 1311 551 1341 civium
576 1310 702 1351 {gaudio
727 1311 875 1341 maximo
901 1315 935 1341 et
960 1309 1087 1346 leticia,
1112 1315 1145 1341 et
1169 1309 1226 1340 die
1257 1309 1418 1351 sequenti
1451 1308 1659 1340 celebratum
1692 1309 1757 1340 fuit
1788 1309 1912 1340 festum
1944 1308 2096 1345 solenne,
2128 1308 2162 1338 in
2195 1317 2262 1348 quo

423 1364 634 1404 infrascripti
661 1365 702 1394 de
727 1363 888 1394 Carraria
912 1369 947 1394 et
972 1363 1029 1394 alii
1053 1363 1151 1394 multi
1175 1363 1331 1394 decorati
1355 1363 1496 1394 fuerunt
1519 1362 1660 1403 cingulo
1684 1362 1831 1403 militari,
1856 1362 1989 1393 scilicet
2006 1361 2146 1393 domini:
2171 1361 2264 1392 Mar-

426 1416 519 1448 silius
544 1416 696 1458 grandis,
721 1416 920 1453 Ubertinus,
948 1415 1124 1447 Marsilius
1148 1416 1270 1453 minor,
1296 1414 1454 1453 lacobus,
1478 1415 1617 1457 Oppico
1644 1415 1686 1446 de
1712 1413 1879 1446 Carraria.

520 1522 591 1556 117.
616 1522 716 1563 [117].
740 1539 780 1544 ——-
807 1522 872 1553 His
896 1521 1054 1553 dominus
1078 1520 1182 1552 Canis
1206 1521 1292 1553 fecit
1315 1520 1446 1552 nobilia
1471 1521 1584 1553 dona‘
1611 1521 1646 1552 in
1680 1521 1792 1552 aureis
1821 1520 1971 1552 vestibus
2003 1527 2036 1552 et
2067 1521 2264 1562 purpureis,
2287 1521 2330 1551 20

425 1577 555 1607 auratis
578 1575 733 1615 cingulis,
759 1575 941 1606 dextrariis
966 1581 999 1606 et
1022 1574 1238 1616 pulcerrimis
1268 1573 1466 1615 palafredis.
1513 1575 1564 1605 De
1597 1574 1673 1606 aliis
1698 1580 1810 1606 autem
1839 1574 2011 1606 nobilibus
2042 1572 2264 1614 Lombardie,

424 1629 590 1660 videlicet
612 1628 765 1664 Verone,
788 1627 945 1664 Mantue,
968 1627 1172 1666 Vincencie‚
1198 1627 1430 1658 Veneciarum
1455 1633 1489 1658 et
1514 1626 1632 1664 Feltri,
1656 1627 1752 1658 multi
1776 1627 1915 1658 fuerunt
1939 1627 2068 1658 milicia
2098 1625 2265 1658 decorati.

517 1736 587 1766 118.
614 1735 714 1776 [118]
740 1753 775 1757 ——
809 1735 1018 1775 [Mlillesimo
1043 1733 1317 1771 CCCXXVIIII,
1342 1735 1420 1765 dum
1448 1733 1620 1765 exercitus
1636 1733 1795 1771 ecclesie,
1813 1733 1848 1764 in
1866 1745 1933 1775 quo
1951 1739 2047 1764 erant
2064 1738 2185 1775 gentes
2201 1732 2267 1764 Bo-

427 1790 643 1820 nonionsium
668 1795 702 1819 et
726 1787 863 1819 nobiles
890 1798 1009 1819 omnes
1034 1787 1077 1818 de
1103 1786 1271 1829 Corrigia,
1296 1787 1453 1818 Parmam
1480 1786 1691 1825 obsideret⁵,
1717 1787 1872 1818 dominus
1901 1786 2078 1818 Marsilius
2107 1786 2150 1817 de
2181 1784 2264 1817 Car-

426 1842 526 1875 raria,
551 1843 594 1873 de
619 1852 788 1873 consensu
814 1848 926 1873 tamen
953 1841 1081 1871 domini
1106 1840 1222 1877 Canis,
1248 1841 1367 1872 volens
1390 1839 1549 1871 Parmam
1576 1841 1743 1882 equitare,
1766 1845 1802 1871 ut
1825 1839 1996 1881 germanis
2020 1840 2089 1870 suis
2104 1839 2268 1870 Rolando
2291 1837 2330 1869 25

428 1904 461 1927 et
485 1895 641 1927 Marsilio
666 1896 709 1926 de
734 1895 867 1927 Rubeis
892 1895 1096 1930 consuleret,
1122 1894 1218 1935 quasi
1244 1895 1457 1935 interceptus
1483 1894 1547 1925 fuit
1571 1894 1704 1925 insidiis
1729 1893 1878 1925 Simonis
1908 1893 1951 1924 de
1984 1892 2151 1934 Corrigia.
2195 1891 2267 1923 Au-

426 1950 515 1991 fugit
541 1955 654 1980 tamen
680 1954 828 1979 castrum
852 1948 1138 1983 Casalismaioris,
1171 1947 1345 1978 districtus
1372 1947 1625 1982 Cremonensis,
1649 1946 1741 1978 unde
1764 1952 1883 1987 postea
1907 1956 1983 1977 cum
2008 1945 2113 1977 sociis
2136 1945 2268 1977 duobus

426 2002 623 2042 incognitus
648 2002 804 2033 Parmam
829 2002 1005 2042 equitavit,
1031 2001 1127 2031 cuius
1152 2001 1309 2031 consulto
1334 2000 1482 2041 predicti
1507 2000 1557 2031 sui
1583 2000 1826 2042 germanicum
1854 1999 2008 2031 Ecclesia
2035 2003 2269 2030 tractaverunt

427 2057 469 2086 de
495 2066 592 2096 pace,
617 2055 749 2097 sibique
775 2054 933 2085 Parmam
959 2053 1140 2084 dederunt.
1181 2053 1262 2084 Post
1286 2063 1352 2094 que
1377 2053 1551 2085 Veronam
1570 2053 1782 2095 regrediens,
1806 2063 1826 2083 a
1842 2051 1982 2083 domino
2007 2051 2098 2082 Cane
2117 2051 2266 2093 benigne

429 2109 610 2150 recipitur,
635 2109 761 2139 deinde
786 2107 829 2138 de
855 2108 962 2149 ipsius
986 2107 1135 2139 licencia
1159 2107 1311 2138 Paduam
1336 2106 1514 2148 equitavit.
2290 2105 2331 2137 30

522 2216 593 2245 119.
617 2214 715 2255 [119].
747 2232 780 2235 —
807 2213 927 2245 Rebus
951 2214 998 2244 ita
1023 2212 1199 2254 dispositis
1224 2213 1383 2244 dominus
1407 2212 1511 2244 Canis
1524 2211 1544 2251 ⁶,
1565 2212 1737 2244 affectans
1762 2212 1871 2243 tocius
1897 2210 2054 2242 Marchie
2079 2211 2266 2243 dominium

428 2268 566 2301 habere.
593 2268 732 2299 domino
758 2267 914 2298 Marsilio
935 2267 1074 2298 lieteras
1097 2266 1235 2307 scripsit
1259 2265 1293 2295 in
1319 2266 1384 2296 hac
1406 2267 1531 2296 forma:
1563 2264 1708 2296 “Nobili
1738 2264 1834 2296 militi
1860 2265 2000 2296 domino
2032 2263 2189 2295 Mai-silio
2222 2264 2265 2295 de

518 2387 542 2411 3.
557 2380 722 2410 magnificus
738 2380 871 2403 dominus
892 2380 914 2403 S
932 2393 962 2395 ὴ
985 2386 1038 2409 3-4.
1059 2378 1257 2401 consentiente
1275 2379 1394 2401 domino
1415 2378 1492 2401 Cane
1513 2391 1542 2394 —
1565 2385 1588 2408 4.
1610 2377 1711 2400 statuit
1733 2384 1784 2409 pro
1805 2377 1892 2399 libito
1915 2377 2108 2401 voluntatisS
2125 2390 2154 2394 —
2173 2383 2196 2407 5.
2215 2376 2267 2400 ali-

428 2430 546 2454 quorum
583 2423 694 2445 suerunt
727 2422 749 2445 S
765 2434 797 2438 —
818 2428 841 2451 7.
862 2423 951 2443 oriam
972 2429 1020 2443 om.
1040 2420 1061 2443 S
1079 2433 1086 2437 -
1115 2420 1236 2443 aliorum
1258 2419 1468 2450 quamplurium
1494 2419 1517 2443 S
1539 2431 1549 2436 -
1580 2419 1710 2442 fortunas
1729 2421 1757 2442 et
1784 2418 1912 2442 infinitas
1938 2419 1960 2442 S
1986 2432 2015 2435 —-
2037 2418 2091 2448 8-9.
2123 2418 2205 2442 Mars.
2231 2417 2265 2441 de

431 2464 511 2488 Carr.
525 2472 605 2494 quam
622 2463 696 2486 ultra
716 2466 848 2495 paternas
869 2470 934 2493 opes
955 2463 1020 2491 (etsi
1042 2463 1215 2493 permaxima
1233 2461 1328 2491 erant)
1347 2461 1438 2492 ipsum
1461 2462 1488 2484 in
1511 2462 1620 2484 tantum
1642 2460 1665 2485 S
1681 2474 1712 2477 -
1735 2467 1774 2484 10.
1795 2458 1839 2492 de]
1860 2468 1892 2483 cx
1913 2461 1936 2485 S
1954 2474 1984 2477 -—
2009 2467 2048 2484 12.
2067 2460 2266 2491 Paduanisque

431 2507 577 2530 nobilibus
592 2507 701 2529 cunctis
716 2505 738 2529 S
751 2518 782 2521 ——
801 2512 839 2536 13.
854 2505 969 2528 obviarn
985 2505 1077 2527 exivit
1092 2504 1115 2528 S
1127 2517 1159 2520 —
1179 2510 1265 2534 13-14.
1281 2503 1399 2534 pulchra
1416 2503 1557 2526 nobilium
1572 2503 1696 2534 stipatus
1710 2503 1847 2526 comitiva
1862 2503 1994 2534 precipue
2008 2503 2031 2526 S
2042 2515 2073 2519 -—
2091 2507 2130 2532 15.
2145 2502 2267 2533 aliisque

432 2549 576 2572 nobilibus
604 2548 701 2570 multis
729 2546 751 2571 S
771 2559 802 2564 —-
827 2553 864 2577 17.
884 2548 989 2575 gaudio
1009 2548 1037 2569 ct
1059 2546 1154 2569 leticia
1176 2547 1360 2577 permaxima.
1398 2545 1452 2568 Die
1473 2552 1539 2568 vero
1560 2545 1685 2575 sequenti
1706 2545 1729 2568 S
1746 2557 1755 2560 -
1782 2543 1911 2574 solenne]
1941 2545 2085 2574 singulare
2104 2543 2128 2568 S
2148 2556 2161 2562 -
2180 2544 2265 2568 infra-

432 2591 532 2622 scripti
554 2592 697 2621 nmgnatcs
723 2589 746 2613 S
765 2602 796 2605 —
820 2592 858 2612 Η.
879 2589 994 2619 cingulo
1016 2589 1134 2611 militari
1158 2589 1231 2611 inter
1252 2588 1451 2611 Carrarienscs
1471 2587 1500 2611 hi
1522 2587 1632 2610 domini
1653 2586 1763 2610 scilicet
1791 2587 1813 2609 S
1831 2599 1861 2603 -—
1880 2594 1920 2617 19.
1939 2594 2036 2610 ornnes
2062 2586 2094 2610 de
2115 2586 2226 2610 Carras.
2246 2587 2269 2611 S

432 2647 462 2651 —
478 2639 567 2657 20-22.
581 2632 762 2656 Ssmtitm'sce
775 2636 824 2660 per
838 2632 935 2654 infera:
958 2632 1090 2654 Dominis
1109 2631 1153 2653 his
1173 2630 1306 2653 <lominus
1326 2630 1415 2653 Canis
1435 2629 1509 2653 dona
1527 2629 1651 2653 contulit
1671 2630 1792 2659 egregia,
1812 2636 1907 2652 aureas
1928 2630 2039 2652 scilicet
2058 2630 2150 2652 vestes
2163 2630 2190 2652 et
2204 2636 2266 2660 pur-

432 2682 540 2707 pureas,
555 2675 704 2697 deauratos
720 2673 857 2702 baltheos,
871 2674 1031 2696 dextrarios
1051 2673 1310 2704 pulcherrimosque
1331 2672 1502 2702 palafredos.
1539 2671 1581 2694 De
1601 2671 1667 2694 aliis
1687 2673 1779 2694 autem
1800 2671 1944 2693 nobilibus
1958 2670 2135 2701 Lombardie,
2157 2670 2266 2694 scilicet

433 2718 551 2745 Verone,
572 2717 695 2744 Mantuc,
718 2715 877 2743 Vincentio,
899 2715 1094 2745 veneciarum,
1116 2715 1205 2737 Feltri
1225 2716 1253 2737 et
1273 2714 1418 2743 Cividadi,
1441 2713 1514 2737 idem
1535 2713 1667 2736 dominus
1688 2711 1775 2735 Canis
1795 2713 1879 2736 etiarn
1905 2713 2012 2736 inultos
2039 2713 2201 2744 insignibus
2228 2719 2267 2735 re-

431 2759 546 2782 dimivit
568 2771 599 2775 --
621 2765 661 2788 23.
682 2758 711 2780 in
732 2765 786 2787 quo
806 2759 931 2781 exercitu
954 2758 976 2780 S
993 2771 1022 2774 —
1047 2764 1088 2788 27.
1107 2759 1198 2780 eastra
1224 2755 1248 2780 S
1272 2769 1280 2772 -
1301 2758 1399 2786 postea
1418 2764 1465 2779 om.
1486 2755 1509 2779 S
1526 2768 1557 2771 —
1579 2753 1620 2778 28.
1640 2755 1819 2786 postmodum
1838 2755 1966 2778 Parmam
1987 2756 2010 2779 S
2026 2767 2037 2772 -
2057 2756 2135 2778 cuius
2155 2754 2265 2777 domini

432 2801 554 2824 Mai-silit
576 2799 698 2831 predicti
721 2799 853 2822 consiliis
873 2799 896 2822 S
918 2813 943 2815 -
966 2805 1005 2829 29.
1027 2800 1138 2822 rediens
1159 2800 1180 2823 S
1200 2811 1229 2815 —
1251 2804 1341 2829 29—30.
1362 2796 1440 2821 Cane
1466 2797 1547 2820 vultu
1571 2796 1636 2820 ilari
1662 2798 1788 2827 sumptus
1808 2798 1864 2824 est;
1894 2796 2003 2825 deinde,
2033 2798 2095 2828 ipso
2122 2797 2265 2820 annuente

433 2843 551 2866 domino
572 2842 658 2871 Cane,
677 2841 801 2864 Paduam
821 2841 963 2871 equitavit
982 2841 1005 2865 S
1023 2853 1054 2858 —-
1075 2847 1117 2871 30.
1138 2841 1285 2864 licenciam
1307 2841 1343 2863 ΑΙ
1359 2853 1390 2856 -
1411 2846 1452 2871 31.
1472 2838 1563 2862 Rebus
1583 2839 1622 2862 sic
1643 2845 1671 2861 se
1689 2838 1859 2862 habentibus
1874 2840 1896 2863 S

522 2930 530 2946 ¹
553 2931 691 2959 Conrus,
712 2930 851 2958 Chronica,
871 2929 916 2957 IV,
938 2937 961 2959 4.
1465 2926 1477 2942 ⁴
1498 2927 1634 2955 Com-us..
1656 2927 1793 2955 Chronica,
1812 2926 1860 2955 IV,
1881 2926 1905 2956 6,
1926 2932 1949 2957 7.

522 2971 531 2985 ²
552 2973 690 3000 CORTUS„
713 2972 850 2999 Chronica,
871 2971 917 3000 IV,
937 2977 962 3001 5.
1465 2968 1476 2985 ⁵
1495 2969 1632 2997 CORTUS.¹
1656 2969 1793 2997 Chronica,
1814 2969 1860 2999 IV,
1882 2969 1906 2993 ὃ.

522 3013 531 3027 ³
552 3016 687 3043 (marus,
711 3014 848 3043 Chronica,
869 3013 915 3042 lv,
936 3013 990 3043 6-7.
1466 3010 1477 3026 θ
1496 3011 1632 3040 Con-rus„
1653 3011 1792 3039 Chronica,
1813 3011 1860 3039 IV,
1879 3010 1904 3036 8.
