2422 3684
428 257 497 292 110
772 256 942 292 GESTA
970 255 1274 291 MAGNIFICA
1304 255 1487 290 DOMUS
1517 255 1899 292 CARRARIENSIS

742 388 883 421 REnAz.
907 387 941 419 A

418 460 596 502 prebendo
620 459 684 491 sibi
708 459 836 491 auxilio
853 459 977 490 estensi
996 458 1199 494 marchioni,
1219 458 1261 490 de

417 513 574 550 sussidio‚
611 513 670 544 ubi
705 513 886 553 contingat
925 522 986 553 per
1025 511 1179 542 Venetos
1218 511 1262 542 ad

419 577 577 609 guerram
617 567 737 603 acciri,
772 567 880 606 ipsum
917 565 1035 596 stricte
1071 564 1261 605 requisivit.

418 620 483 651 Cui
506 620 579 661 ipse
607 619 786 661 respondit
810 629 875 650 non
903 629 1002 659 posse
1020 628 1056 648 se
1081 617 1152 648 suis
1175 618 1262 648 votis

421 683 570 704 annuere
583 679 727 714 propter
740 679 841 713 pacta
855 683 873 702 a
892 672 948 702 diu
962 671 1050 702 inter
1067 670 1261 702 Ecclesiam

421 733 452 758 et
477 727 630 758 Venetos
655 725 837 757 celebrata.
884 725 1083 766 Requisitus
1115 731 1147 755 et
1172 724 1264 754 simi-

419 779 497 810 liter
519 790 638 820 preses
663 779 741 810 dela
767 778 869 810 Scala
898 788 917 808 a
948 778 1179 820 requisicione
1205 779 1264 808 de-

421 834 515 869 fecit,
541 833 693 864 obiciens
721 832 816 873 pacis
839 837 980 872 pactum
998 831 1080 861 inite
1099 841 1175 862 cum
1194 829 1264 861 Ve-

421 887 510 917 netis
534 893 566 917 et
590 893 685 927 patre
711 885 862 916 Mastino
881 884 957 915 dela
973 883 1088 915 Scala.
1135 883 1208 919 Set,
1227 889 1263 914 ut

420 939 557 970 brevior
581 939 733 975 existam,
766 937 884 967 amicis
915 937 1050 968 cunctis
1080 936 1263 978 requisitis,

421 993 560 1029 nullum,
597 1003 616 1023 a
647 1002 714 1033 quo
749 997 881 1022 certum
915 996 948 1021 et
983 990 1115 1021 firmum
1147 995 1264 1031 posset

422 1045 549 1076 habere
580 1045 747 1083 iuvamen,
781 1049 897 1084 preter
932 1043 1064 1074 nobiles
1096 1043 1263 1083 quosdam

421 1099 551 1140 reperit
576 1099 738 1129 furlanos.
783 1096 888 1133 Quod
904 1097 977 1137 ipse
995 1097 1096 1127 heros
1121 1103 1264 1137 patavus

423 1152 577 1184 consulte
595 1151 732 1187 librans,
750 1150 843 1191 quod
868 1150 1033 1190 petebant
1051 1149 1188 1184 Veneti,
1206 1159 1266 1180 an—

422 1216 529 1236 nuere
553 1203 750 1244 eompulsus
774 1208 836 1234 est.
878 1203 972 1243 Papa
996 1212 1078 1233 vero
1104 1202 1265 1233 Urbanus

423 1262 570 1304 quintus,
596 1261 652 1302 qui
678 1260 741 1300 ipsi
759 1260 950 1302 magnifico
967 1259 1108 1291 domino
1126 1259 1266 1290 Franci-

422 1325 481 1345 sco
506 1315 549 1345 de
573 1314 731 1345 Carraria
757 1323 826 1344 non
852 1312 1027 1344 modicum
1053 1312 1266 1343 afficiebatur

422 1368 595 1409 ipsiusque
619 1367 737 1408 celans
760 1372 883 1397 statum
910 1372 944 1397 et
968 1366 1146 1402 honorem,
1172 1366 1265 1406 quod

423 1422 496 1452 eius
526 1421 704 1461 suffragiis
732 1426 765 1451 et
797 1420 944 1451 consilio
975 1420 1120 1450 defensa
1152 1420 1267 1450 fuerat

424 1473 581 1505 Bononia
606 1481 639 1504 et
664 1474 790 1504 deinde
810 1479 933 1512 cetera,
952 1484 1018 1514 que
1036 1473 1070 1502 in
1088 1472 1186 1503 Italia
1204 1482 1266 1513 pro

424 1527 582 1558 Ecclesia
607 1526 822 1563 tenebantur,
853 1526 991 1557 lieteras
1016 1525 1067 1556 bis
1096 1536 1172 1557 cum
1197 1536 1266 1557 non

424 1581 560 1612 modica
584 1580 700 1611 cordis
724 1579 925 1611 turbacione
951 1580 1029 1610 duci
1055 1587 1087 1610 et
1116 1581 1268 1611 comuni-

425 1635 483 1665 tati
509 1635 647 1675 scripsit
671 1633 913 1670 Veneciarum‚
939 1634 1072 1664 minans
1104 1633 1267 1664 adversus

425 1698 484 1718 eos
501 1698 536 1718 se
554 1687 672 1728 gravia
696 1685 904 1727 facturu[m],
923 1696 964 1717 eo
987 1686 1084 1727 quod
1102 1696 1164 1727 per
1180 1687 1268 1717 indi-

424 1746 554 1772 rectum
580 1739 692 1771 emulo
718 1740 805 1770 fidei
830 1739 1024 1771 Bernaboni
1057 1739 1266 1771 Vicecomiti

426 1794 545 1825 favere
568 1793 662 1834 ipsos
687 1791 938 1835 cognoscebat,
963 1793 996 1823 ni
1022 1803 1041 1823 a
1059 1792 1268 1824 novitatibus

425 1847 597 1877 modernis
620 1846 845 1887 acquiescant
868 1845 1090 1886 temporibus.
1137 1845 1267 1886 Sicque

424 1900 498 1940 ipse
523 1899 724 1939 magnificus
742 1899 900 1929 dominus
918 1897 1134 1934 Franciscus‚
1151 1908 1269 1939 spera-

426 1953 468 1983 tis
492 1962 527 1983 se
552 1952 672 1983 videns
700 1951 898 1982 destitutum
933 1951 1069 1982 auxiliis
1099 1957 1133 1982 et
1166 1961 1208 1982 ex
1232 1961 1268 1982 se

425 2005 593 2047 refragari
618 2015 685 2036 non
712 2015 823 2045 posse,
854 2004 997 2035 insulam
1023 2004 1140 2035 Sancti
1164 2003 1269 2044 Harii,

427 2071 445 2090 a
478 2059 613 2090 comuni
638 2059 757 2090 Padue
785 2069 920 2099 semper
951 2058 1102 2099 pacifice
1134 2068 1269 2099 posses-

427 2123 507 2151 sam,
534 2112 614 2143 licet
638 2112 680 2142 de
706 2111 778 2152 ipsa
802 2117 892 2142 mota
913 2112 1048 2154 questio
1066 2111 1268 2153 plerumque

428 2165 560 2201 fuisset,
585 2164 694 2196 libere
719 2163 854 2195 comuni
880 2163 1111 2195 Veneciarum
1137 2164 1170 2193 in
1191 2173 1269 2205 per-

427 2224 567 2258 petuum
591 2217 736 2249 tradidit
761 2217 1004 2258 possidendam
1032 2217 1105 2258 lege
1132 2218 1208 2254 liae,
1233 2223 1270 2248 ut

428 2271 472 2302 de
497 2271 678 2312 questione
699 2271 817 2300 finium
835 2269 948 2309 in[ter]
967 2269 1121 2301 Paduam
1140 2276 1173 2301 et
1189 2270 1269 2301 Clu-

428 2324 517 2365 giam
534 2333 700 2355 annorum
714 2329 851 2354 centum
866 2323 1032 2353 silentium
1049 2323 1269 2359 indiceretur,

429 2384 529 2418 prout
553 2377 596 2409 de
622 2378 687 2408 hoc
707 2376 856 2418 publicis
881 2382 1016 2407 constat
1039 2376 1269 2414 documentis,

429 2436 577 2462 tractatu
613 2430 786 2461 mediante
826 2429 949 2461 nobilis
988 2429 1101 2460 militis
1141 2430 1268 2461 domini

429 2484 553 2526 Canini
577 2483 619 2514 de
644 2483 775 2525 Peraga
793 2488 826 2513 et
849 2481 981 2513 Chechi
1008 2483 1050 2513 de
1075 2482 1205 2519 Leone,
1223 2483 1270 2512 ci-

430 2537 523 2567 vium
549 2542 761 2577 patavorum.

436 2983 640 2991 —--

508 3030 548 3054 34.
570 3023 692 3046 fuissent
715 3023 747 3045 ill

1332 883 1369 913 10

1333 1149 1368 1179 15

1330 1420 1371 1450 20

1333 1687 1372 1716 25

1332 1953 1373 1983 30

1333 2220 1373 2250 35

1334 2484 1374 2515 40

1334 2747 1374 2778 45

1747 387 1886 420 REnAz.
1910 388 1947 420 D

1421 459 1545 497 tadini,
1569 460 1634 492 che
1658 461 1768 502 prima
1798 461 1913 502 pocho
1944 471 1988 492 no
2020 459 2197 500 dubitava,
2229 471 2265 493 se

1422 513 1501 545 levb
1525 514 1559 544 in
1582 520 1676 546 tanto
1701 515 1805 552 ardir,
1830 515 1895 547 che
1919 515 1977 546 elli
1995 515 2160 557 comencb
2178 525 2198 545 a
2214 514 2267 546 dir

1423 567 1488 598 che
1513 567 1571 598 elli
1594 577 1638 598 no
1663 567 1760 599 volea
1793 568 1918 610 algune
1950 577 2030 599 cose
2055 567 2145 598 della
2166 567 2267 609 juris-

1425 619 1542 651 dicion
1572 619 1629 651 del
1661 631 1784 652 comuu
1810 622 1853 652 de
1878 620 1972 651 Pava
2003 631 2099 652 esser
2126 620 2217 652 dade
2249 631 2268 651 a

1423 673 1518 714 quilli
1538 673 1582 704 da
1599 673 1754 705 Vinesia.
1793 674 1836 705 El
1859 674 2042 715 magnifico
2065 673 2183 715 signor
2199 684 2268 704 me-

1423 725 1490 757 sier
1514 727 1720 763 Francesco,
1745 727 1776 757 al
1793 727 1873 768 qual
1897 727 2019 758 nisuna
2038 736 2119 758 cosa
2136 735 2195 757 era
2212 736 2269 758 oc-

1425 779 1529 816 culta,
1564 779 1777 811 simelmente
1808 780 1820 810 i
1856 779 2072 812 confortava.
2119 779 2163 810 Et
2197 779 2269 810 cosi

1423 832 1622 873 significado
1647 833 1678 864 al
1694 833 1874 864 marchese
1890 843 1950 874 per
1977 833 2007 864 10
2033 832 2127 864 dicto
2151 831 2269 874 signor

1424 886 1489 916 che
1514 886 1636 917 mesier
1660 886 1691 917 lo
1716 897 1752 917 re
1777 886 1808 917 ie
1833 886 1943 917 havea
1967 886 2124 926 proferto
2149 886 2183 916 di
2208 886 2270 917 dar

1425 937 1576 969 subsidio
1599 950 1620 970 a
1642 944 1739 970 certo
1765 945 1891 980 tempo,
1908 939 1935 970 si
1952 939 1984 970 el
2001 937 2109 980 pregb
2126 944 2270 970 strecta-

1425 996 1552 1028 mente,
1576 990 1652 1027 che,
1684 991 1714 1022 o'
1748 991 1812 1022 che
1839 992 1870 1022 el
1903 1001 2027 1022 comun
2060 991 2094 1021 di
2118 990 2270 1021 Venesia

1425 1045 1598 1076 revolasse
1630 1045 1685 1074 far
1715 1055 1851 1086 guerra,
1883 1044 1947 1075 che
1980 1044 2047 1075 ello
2079 1043 2110 1074 el
2134 1043 2268 1074 volesse

1425 1097 1577 1139 sovignir
1594 1097 1627 1129 di
1646 1107 1795 1129 secorso.
1839 1096 1882 1128 Al
1900 1097 1979 1139 qual
1996 1097 2113 1139 signor
2128 1106 2269 1138 respose

1427 1151 1457 1181 el
1484 1150 1568 1182 ditto
1592 1150 1768 1182 marchese
1797 1161 1842 1182 no
1858 1161 1978 1192 posser
1994 1149 2044 1181 far
2060 1150 2188 1192 quello,
2205 1149 2269 1180 che

1427 1204 1493 1236 ello
1524 1205 1556 1235 ie
1581 1205 1808 1242 domandava,
1838 1215 1902 1245 per
1925 1205 1946 1235 li
1971 1204 2063 1245 pacti
2088 1203 2127 1246 (τὲ
2151 1203 2269 1246 longa-

1427 1263 1541 1289 mente
1566 1258 1649 1289 facti
1674 1263 1727 1288 tra
1753 1258 1786 1288 la
1804 1257 1931 1289 Ghiesa
1956 1263 1989 1288 et
2013 1257 2109 1299 quilli
2134 1257 2177 1288 de
2199 1255 2269 1288 Ve-

1427 1311 1532 1342 nesia.
1578 1309 1805 1342 Domandado
1827 1310 1979 1342 etiandio
1996 1310 2210 1342 simelmente
2226 1309 2270 1340 de

1427 1364 1551 1396 alturio
1568 1364 1598 1395 el
1616 1365 1736 1406 signor
1751 1363 1842 1396 dalla
1856 1363 1968 1401 Scala,
1981 1364 2185 1394 similmente
2203 1362 2270 1394 ello

1427 1428 1463 1448 se
1487 1417 1613 1448 excuso
1638 1416 1717 1448 dala
1740 1417 1922 1453 domanda,
1947 1417 2098 1459 digando
2121 1416 2187 1448 che
2203 1415 2271 1447 ello

1428 1481 1473 1502 no
1497 1481 1621 1512 possea
1643 1481 1706 1512 per
1729 1470 1761 1501 la
1777 1470 1889 1501 forma
1906 1471 1941 1501 di
1960 1471 2051 1511 pacti
2068 1469 2159 1501 della
2175 1479 2270 1510 pase,

1429 1524 1494 1555 che
1512 1535 1570 1555 era
1586 1530 1638 1554 sta
1662 1530 1712 1554 tra
1729 1523 1823 1565 quilli
1840 1524 1884 1555 da
1908 1523 2052 1554 Vinesia
2075 1528 2110 1554 et
2132 1532 2170 1553 so
2188 1532 2270 1563 pare

1429 1577 1550 1608 mesier
1564 1575 1692 1608 Mastin
1709 1575 1800 1607 dalla
1818 1575 1929 1607 Scala.
1958 1575 2028 1613 Ma,
2047 1575 2175 1618 acoche
2194 1575 2272 1606 bre-

1429 1636 1587 1662 vemente
1611 1630 1645 1661 io
1677 1629 1859 1670 concluda,
1886 1630 2037 1661 cercado
2061 1639 2121 1670 per
2144 1629 2179 1661 lo
2201 1638 2276 1670 mass

1428 1683 1554 1726 gnifico
1578 1684 1695 1725 signor
1718 1683 1840 1713 mesier
1873 1683 2067 1714 Francesco
2098 1682 2176 1713 tutti
2199 1681 2210 1713 i
2233 1691 2271 1713 so

1429 1736 1538 1774 amisi,
1562 1737 1629 1767 ello
1652 1746 1696 1767 no
1719 1734 1818 1766 trovb
1842 1735 1945 1777 algun
1970 1735 2015 1766 da
2038 1735 2095 1766 chi
2121 1734 2188 1766 ello
2210 1735 2272 1766 ha-

1428 1801 1526 1823 vesse
1543 1791 1653 1822 fermo
1669 1789 1795 1821 alturio
1820 1789 1918 1820 fuora
1936 1789 2001 1820 che
2017 1788 2168 1831 d'alguni
2185 1788 2268 1819 Fur-

1431 1844 1508 1876 lani.
1556 1843 1605 1875 La
1633 1843 1714 1885 qual
1744 1851 1824 1874 cosa
1856 1842 2159 1873 conseiadamente
2191 1851 2272 1882 ape-

1429 1897 1537 1928 sando
1568 1897 1600 1927 el
1631 1896 1726 1927 dicto
1757 1895 1877 1937 signor
1907 1895 2032 1926 mesier
2063 1895 2271 1931 Francesco,

1429 1950 1497 1981 ello
1521 1949 1725 1980 condessese
1748 1959 1768 1979 a
1792 1948 1847 1979 far
1870 1948 2030 1989 quelche
2056 1947 2151 1978 volse
2175 1947 2270 1989 quilli

1430 2003 1474 2035 da
1504 2001 1665 2033 Venesia.
1712 2001 1753 2032 El
1788 2011 1879 2042 papa
1915 2000 2033 2032 Urban
2071 2001 2202 2042 quinto,
2239 2000 2270 2031 el

1430 2056 1508 2099 qual
1525 2056 1634 2088 havea
1650 2054 1781 2098 grande
1798 2055 1972 2085 affeccion
1989 2053 2020 2084 al
2038 2054 2132 2086 dicto
2145 2053 2271 2097 signor,

1429 2109 1559 2152 perche
1582 2119 1643 2151 per
1667 2108 1712 2138 lui
1737 2118 1796 2139 era
1820 2107 1952 2139 deffesa
1975 2107 2009 2138 la
2034 2106 2165 2138 Ghiesa
2189 2113 2222 2138 et
2237 2106 2271 2137 le

1429 2163 1515 2194 altre
1539 2169 1639 2198 terre,
1665 2161 1729 2193 che
1754 2162 1787 2192 la
1815 2160 1943 2192 Ghiesa
1959 2160 2077 2202 tegnia
2100 2160 2134 2190 in
2160 2159 2272 2197 Italia,

1428 2226 1527 2248 sovra
1551 2221 1670 2258 questo
1693 2215 1825 2256 scripse
1857 2214 1902 2244 do
1935 2213 2026 2244 volte
2054 2224 2073 2244 a
2098 2213 2196 2255 quilli
2227 2212 2272 2244 da

1430 2269 1591 2306 Venesia,
1630 2266 1870 2309 menacandoli
1909 2267 1973 2297 che
2009 2266 2031 2296 'l
2067 2265 2272 2307 procederia

1429 2324 1661 2365 grievemente
1678 2326 1798 2352 contra
1817 2319 1876 2350 elli
1893 2325 1926 2350 et
1943 2320 2007 2351 che
2024 2319 2045 2350 'l
2063 2328 2270 2362 cognoscea,

1430 2375 1563 2408 benche
1580 2385 1642 2416 per
1657 2374 1841 2409 indirecto,
1859 2373 1915 2404 elli
1936 2373 2144 2414 favorecava
2160 2372 2191 2403 el
2211 2382 2271 2402 ne-

1429 2429 1520 2471 migo
1537 2428 1629 2459 della
1646 2427 1692 2464 fe,
1717 2427 1843 2458 mesier
1859 2426 2028 2458 Bernabb.
2075 2425 2135 2457 Ma
2153 2431 2272 2468 questo

1428 2483 1544 2514 niente
1567 2481 1664 2524 ςονὸ,
1682 2482 1746 2512 che
1771 2481 1793 2511 'l
1810 2480 1992 2522 magnifico
2017 2480 2133 2522 signor
2150 2479 2273 2510 mesier

1429 2536 1623 2568 Francesco
1635 2543 1790 2566 convene
1803 2544 1865 2574 pur
1878 2533 1941 2564 dar
1952 2544 1970 2563 a
1982 2533 2088 2575 quelli
2102 2533 2145 2564 da
2157 2532 2271 2564 Vene-

1428 2588 1479 2620 sia
1495 2587 1606 2619 l’isola
1619 2588 1661 2618 de
1678 2592 1797 2618 sancto
1813 2586 1939 2624 lHario,
1952 2596 2087 2627 sempre
2102 2596 2162 2627 per
2177 2585 2272 2616 inan-

1429 2642 1461 2683 ,εἰ
1475 2639 1671 2682 posseduda
1688 2649 1750 2680 per
1766 2640 1800 2671 lo
1818 2649 1942 2670 comun
1960 2639 1995 2671 di
2012 2639 2116 2675 Pava,
2134 2637 2270 2669 benche

1429 2695 1516 2726 altra
1541 2694 1582 2725 fia
1605 2703 1647 2723 en
1665 2693 1754 2724 fosse
1772 2698 1822 2724 sta
1838 2702 1951 2724 mossa
1968 2692 2138 2734 question.
2185 2691 2229 2722 Et
2245 2690 2271 2721 si

1429 2757 1470 2789 ge
1487 2747 1520 2777 la
1537 2745 1591 2777 de’
1605 2755 1671 2776 con
1688 2745 1792 2786 quisti
1809 2745 1912 2786 pacti,
1926 2745 1990 2775 che
2008 2743 2099 2775 della
2113 2743 2269 2786 question

1431 2800 1464 2831 di
1488 2798 1614 2831 confini
1639 2804 1691 2830 tra
1721 2797 1815 2828 Pava
1846 2803 1880 2829 et
1903 2797 2035 2839 Chioca
2058 2798 2102 2828 fin
2121 2797 2152 2827 'a
2169 2802 2272 2828 cento

1431 2853 1511 2884 anni
1535 2862 1578 2883 no
1604 2862 1647 2883 en
1670 2852 1761 2883 fosse
1785 2852 1880 2883 facta
1896 2851 2022 2893 alguna
2039 2851 2218 2885 mencion;
2238 2856 2271 2880 et

1431 2907 1474 2938 de
1499 2912 1618 2949 questo
1637 2916 1680 2937 en
1699 2906 1734 2937 fo
1750 2906 1850 2937 tracti
1869 2905 2024 2947 publichi
2045 2904 2270 2936 instrumenti.

1517 3021 1560 3046 35.
1580 3014 1656 3038 volte
1677 3015 1711 3043 E,
1732 3015 1777 3038 via
1799 3015 1825 3037 P
