2422 3684
65 939 103 968 lO

67 1243 103 1275 15

62 1562 104 1592 20

61 1826 102 1859 25

480 238 651 276 GESTA
681 240 982 276 MAGNIFICA
1010 240 1194 276 DOMUS
1223 239 1610 276 CARRARIENSIS
1918 242 1958 279 17

126 373 288 414 quoniam
320 371 466 403 civitatis
497 376 619 402 statum
642 370 841 402 subvertere
866 371 1079 403 conabantur
1104 377 1137 403 et
1161 378 1284 403 contra
1308 372 1483 403 dominum
1509 371 1672 402 Iacobum
1696 382 1791 403 arma
1815 372 1930 404 levare
1944 373 1965 404 ¹.

126 425 203 466 Ipse
228 432 342 457 autem
368 424 524 457 dominus
555 423 712 459 Iacobus,
744 424 848 454 rebus
878 425 928 455 sic
959 425 1067 466 gestis
1097 431 1131 456 et
1161 425 1301 456 civitate
1332 425 1536 466 composita,
1568 425 1611 455 ad
1637 425 1812 456 dominum
1836 426 1966 457 Canem

125 478 302 520 equitavit,
327 488 404 509 cum
429 486 497 519 quo
522 482 556 507 et
579 476 709 517 populo
735 476 852 508 Padue
877 487 1000 518 pacem
1025 483 1122 509 certa
1144 478 1222 520 lege
1246 477 1391 509 firmavit
1404 477 1426 509 ².

214 576 266 606 32.
291 574 371 616 [73].
395 590 439 595 -
461 573 525 614 [I]n
550 572 674 604 eodem
698 583 799 611 anno,
825 574 881 605 die
906 574 1052 616 septimo
1071 581 1216 606 exeunte
1234 575 1319 606 iulio
1332 574 1354 612 ³,
1371 575 1465 617 quod
1482 585 1502 606 a
1518 575 1707 616 primordio
1724 575 1818 606 urbis
1834 575 1963 607 Patave

126 638 187 670 per
211 634 260 660 tot
277 634 354 659 ante
372 627 488 659 secula
507 626 593 657 nulli
608 637 759 667 unquam
777 627 904 658 civium
922 628 1067 670 contigit
1084 634 1140 659 aut
1157 628 1353 670 contigerat
1369 629 1530 665 civitatis,
1548 629 1591 660 de
1610 629 1747 660 comuni
1764 635 1965 670 patavorum

126 682 277 713 omnium
301 691 441 712 assensu
465 685 499 712 et
522 679 698 712 voluntate
722 680 924 721 magnificus
947 681 1105 712 dominus
1129 681 1276 713 Iacobus
1299 682 1342 713 de
1367 682 1530 713 Carraria
1554 687 1691 713 creatus
1714 682 1779 713 fuit
1809 682 1968 713 dominus

126 734 254 771 Padue,
277 734 336 775 qui
360 733 422 765 sub
446 731 650 774 protecione
676 732 769 763 cives
793 739 826 763 et
850 732 998 765 civitatis
1022 734 1210 766 dominium
1236 745 1255 765 a
1279 734 1335 765 die
1360 734 1419 766 illa
1444 734 1552 766 libere
1584 735 1744 766 dominus
1775 735 1967 776 assumpsit.

215 833 266 863 33.
291 830 370 872 [74].
395 847 439 852 -—
460 829 525 870 [I]n
550 829 672 860 eodem
697 839 799 866 anno,
824 829 882 860 die
907 831 1052 871 septimo
1076 831 1282 872 septembris
1294 831 1317 869 ⁴,
1341 832 1543 874 magnificus
1566 831 1724 863 dominus
1751 831 1899 863 Iacobus
1924 833 1966 863 de

126 883 285 916 Carraria
308 895 375 915 una
400 894 474 915 curn
501 883 640 915 domino
664 882 758 914 Cane
784 883 819 913 in
846 883 928 914 villa
952 883 1186 927 Montisgalde
1212 885 1332 917 habuit
1363 885 1623 926 parlamentum,
1656 896 1674 917 a
1706 896 1774 928 quo
1808 886 1966 917 dominus

126 937 230 969 Canis
253 937 446 978 requisivit,
470 936 564 977 quod
589 945 709 967 omnes
733 936 948 968 extrinsecos
972 937 1157 970 Paduanos
1181 939 1316 970 faceret
1338 948 1402 980 pro
1428 937 1659 980 proditoribus
1675 938 1821 975 banniri,
1837 944 1874 970 ut
1890 949 1967 970 cum

126 990 210 1032 ipsis
233 989 361 1022 deinde
386 1000 445 1020 sue
470 988 560 1030 parti
583 989 727 1020 annexis
752 989 795 1020 de
820 989 973 1021 dominio
999 990 1149 1022 civitatis
1172 991 1290 1022 Padue
1315 1001 1410 1025 suam
1427 991 1564 1023 facilius
1582 998 1697 1033 posset
1714 992 1838 1034 exequi
1856 992 1969 1023 inten-

127 1043 276 1075 cionem.
324 1041 430 1080 Quod
454 1042 546 1073 idem
570 1042 728 1073 dominus
752 1042 899 1074 Iacobus
923 1043 1042 1074 facere
1067 1045 1247 1076 recusavit.

215 1139 267 1170 34.
293 1138 371 1179 [75].
396 1156 440 1161 —
461 1138 619 1179 [E]odem
643 1149 745 1180 anno,
760 1139 813 1170 'de
832 1150 949 1171 mense
974 1141 1176 1178 decembris,
1193 1142 1394 1184 magnificus
1411 1142 1568 1174 dominus
1585 1142 1731 1174 Iacobus
1748 1143 1790 1174 de
1808 1143 1969 1175 Carraria

125 1191 228 1222 filiam
252 1202 346 1222 suam
372 1192 546 1223 dominam
570 1191 750 1224 Thadeam
776 1192 861 1224 dare
885 1194 1040 1234 promisit
1073 1205 1214 1226 uxorem
1247 1195 1385 1227 domino
1416 1196 1565 1227 Mastino
1596 1196 1673 1226 dela
1703 1195 1817 1234 Scala,
1849 1196 1967 1237 nepoti

126 1244 235 1286 ipsius
258 1244 388 1276 domini
412 1244 518 1277 Canis
531 1244 553 1275 ⁵.

216 1348 268 1379 35.
292 1347 371 1388 [76].
398 1366 437 1370 —
462 1348 647 1380 Millesimo
672 1348 914 1388 CCCXVIIII,
938 1350 1095 1381 dominus
1119 1350 1232 1387 Canis,
1258 1351 1388 1382 habens
1412 1352 1446 1382 in
1471 1352 1520 1383 sui
1546 1352 1700 1383 favorem
1717 1352 1914 1384 Renaldum
1933 1358 1968 1383 et

126 1401 342 1443 Oppiconem
367 1402 584 1433 marchiones
607 1407 773 1439 estenses‚
797 1403 998 1434 Tarvisinos
1023 1409 1057 1435 et
1080 1414 1199 1435 omnes
1224 1403 1406 1436 paduanos
1431 1406 1643 1437 extrinsecos
1654 1405 1675 1442 ⁶,
1704 1415 1852 1446 querens
1874 1417 1966 1436 rum—

127 1464 210 1496 pere
234 1465 369 1496 pacem,
394 1454 532 1486 licteras
550 1456 734 1496 magnifico
753 1456 891 1487 domino
913 1457 1040 1488 Iacobo
1057 1457 1101 1488 de
1119 1458 1279 1489 Carraria
1296 1458 1444 1499 scripsit,
1463 1458 1682 1489 continentes
1699 1460 1792 1500 quod
1810 1459 1963 1490 Faduani

128 1508 325 1544 extrinseci,
350 1509 453 1540 amici
477 1508 538 1547 sui,
562 1509 598 1539 in
623 1509 763 1540 civitate
787 1509 908 1541 Padue
933 1510 1197 1542 restituerentur
1221 1511 1349 1552 absque
1374 1522 1478 1548 mora,
1497 1511 1647 1553 alioquin
1665 1512 1748 1552 ipsis
1764 1512 1966 1544 intendebat

126 1561 162 1592 in
185 1561 254 1592 suis
278 1562 538 1593 necessitatibus
554 1562 726 1593 suvenire.
772 1561 841 1599 Qui
866 1563 1068 1605 magnificus
1092 1564 1250 1594 dominus
1274 1564 1430 1601 Iacobus,
1454 1565 1515 1595 etsi
1539 1565 1722 1596 manifeste
1740 1571 1966 1607 cognosceret

127 1614 220 1656 quod
245 1614 405 1645 dominus
429 1614 532 1646 Canis
556 1624 591 1646 se
617 1614 862 1646 paduanorum
885 1616 1155 1647 extrinsecorum
1180 1617 1361 1648 simulabat
1386 1617 1544 1653 amicum,
1562 1623 1596 1648 ut
1613 1628 1690 1649 cum
1708 1617 1857 1658 ipsorum
1874 1619 1968 1649 auxi-

127 1667 175 1698 lio
199 1668 414 1699 commodius
437 1673 553 1708 posset
578 1674 698 1700 contra
722 1668 877 1699 Paduam
902 1669 1076 1710 insultare,
1100 1675 1213 1701 tamen
1232 1670 1299 1701 hoc
1323 1681 1536 1712 cognoscere
1555 1670 1779 1709 dissimulans,
1798 1673 1841 1702 ad
1859 1672 1967 1703 domi-

127 1731 205 1752 num
230 1721 362 1752 Canem
385 1730 463 1751 suos
486 1721 579 1752 misit
601 1721 747 1762 legatos,
773 1722 924 1754 offerens
948 1722 1036 1753 velle
1061 1733 1098 1754 se
1130 1723 1165 1753 in
1198 1723 1317 1754 Padua
1349 1724 1506 1764 recipere
1539 1723 1722 1755 Paduanos
1753 1725 1966 1756 extrinsecos

126 1779 287 1816 tanquam
313 1774 416 1806 cives.
465 1773 546 1811 Quo
571 1784 639 1805 non
664 1774 820 1806 obstante
845 1776 1005 1807 dominus
1029 1776 1145 1813 Canis,
1168 1778 1335 1808 intentum
1360 1788 1455 1808 suum
1475 1777 1602 1814 volens,
1620 1777 1647 1807 si
1674 1784 1799 1819 posset,
1822 1778 1965 1810 mictere

128 1828 171 1858 ad
196 1828 371 1864 effectum,
396 1827 684 1859 Montemsilicem
709 1829 887 1870 equitavit,
912 1835 945 1860 et
970 1830 1098 1861 deinde
1131 1830 1187 1860 die
1219 1830 1338 1871 quinto
1370 1830 1506 1871 augusti
1536 1831 1762 1871 suprascripti
1793 1830 1965 1862 millesimi

126 1881 240 1922 posuit
266 1881 454 1912 exercitum
479 1892 575 1912 suum
600 1882 635 1912 in
662 1880 770 1924 burgo
795 1882 922 1914 Sancte
947 1881 1071 1913 Crucis
1094 1883 1189 1913 iuxta
1215 1882 1368 1914 Paduam
1383 1882 1404 1913 ⁷.

213 1987 266 2018 36.
291 1986 369 2027 [77].
393 2005 436 2009 -
458 1987 601 2018 Interim
626 1993 742 2018 tamen
768 1988 970 2030 magnificus
994 1988 1152 2019 dominus
1175 1989 1320 2020 Iacobus
1345 1990 1386 2019 de
1420 1989 1581 2020 Carraria
1611 1989 1702 2020 misit
1724 1989 1856 2031 legatos
1885 2000 1964 2020 suos

128 2038 171 2070 ad
196 2039 370 2072 dominum
395 2040 524 2071 Canem
550 2051 612 2081 pro
637 2051 724 2081 paee
747 2042 940 2078 tractanda,
965 2041 1027 2072 sed
1051 2041 1130 2072 talis
1155 2041 1286 2083 legacio
1311 2041 1419 2072 caruit
1451 2042 1579 2073 effectu
1594 2041 1616 2072 ⁸.

212 2145 265 2179 37.
289 2145 367 2186 [78].
392 2164 436 2168 -
457 2146 558 2177 Tunc
582 2147 783 2188 magnificus
799 2146 958 2178 dominus
982 2146 1135 2185 Iacobus,
1153 2153 1344 2179 convocata
1363 2148 1498 2188 palacio
1523 2146 1642 2179 Padue
1661 2147 1799 2189 publica
1812 2147 1823 2163 ⁹
1841 2148 1964 2179 civium

216 2263 239 2288 5.
259 2258 364 2280 civium
385 2260 480 2289 patav.
500 2259 523 2282 S
540 2272 571 2275 —
590 2258 614 2282 6.
636 2258 800 2290 magnificus
821 2267 869 2283 om.
890 2259 910 2283 S
930 2272 962 2276 —
984 2265 1007 2289 7.
1027 2259 1078 2282 sub
1097 2266 1146 2282 sua
1168 2260 1189 2281 S
1207 2272 1214 2275 —
1235 2259 1316 2282 civit.
1341 2259 1436 2282 Padue
1463 2259 1485 2282 8
1508 2272 1539 2275 -
1568 2266 1608 2282 10.
1633 2259 1792 2283 forbanniti
1820 2260 1842 2284 S
1864 2274 1896 2278 --
1926 2261 1963 2284 16.

128 2298 234 2322 habens
255 2301 283 2323 in
304 2308 351 2323 om.
371 2300 393 2323 S
411 2313 443 2317 —
467 2307 505 2332 19.
526 2301 629 2332 absque
649 2308 727 2324 mora
747 2309 796 2324 om.
815 2301 838 2323 S
855 2314 886 2318 —
908 2307 948 2324 πο,
968 2302 1100 2325 dominus
1120 2310 1168 2325 om.
1189 2301 1211 2325 S
1229 2314 1260 2317 -—-
1282 2308 1322 2331 23-
1343 2302 1372 2323 in
1394 2300 1499 2332 Padua]
1522 2302 1550 2324 in
1571 2308 1639 2333 pace
1659 2302 1681 2326 S
1700 2315 1730 2318 —-
1747 2309 1787 2333 24.
1804 2302 1903 2326 volens
1916 2303 1964 2326 do-

129 2342 222 2365 minus
242 2341 332 2366 Canis
352 2343 551 2366 intencionem
572 2350 650 2366 suam
671 2344 694 2368 S

214 2427 222 2444 ¹
243 2429 380 2459 Com-us„
403 2431 543 2459 Chronica,
563 2431 595 2462 ΙΙ,
618 2437 648 2454 2:
666 2430 835 2456 “civitatem
858 2433 1015 2455 commovit

129 2470 186 2495 “ad
200 2479 285 2496 arma.
311 2473 421 2496 Domus
441 2480 507 2497 vero
527 2475 712 2497 tractatorum
735 2475 880 2505 pacis....
900 2474 1015 2498 fuerunt

129 2513 141 2525 “
152 2515 283 2545 spoliate.
321 2515 429 2539 Contra
443 2516 589 2540 dominum
604 2516 735 2540 Iacobum
750 2518 834 2540 etiam
851 2518 1017 2540 insultasset

129 2554 200 2580 “etc.
237 2557 393 2587 Aliquibus
413 2558 556 2589 suspensis
578 2559 750 2589 negotioque
770 2559 866 2582 sedato
886 2563 934 2582 etc.
947 2576 969 2589 ‚,.

212 2596 223 2613 ²
242 2597 380 2629 Con-rus,
402 2600 541 2629 Chronica,
562 2600 597 2627 11,
617 2607 650 2623 z:
676 2600 797 2624 “statim
825 2601 956 2624 dominus
975 2601 1017 2624 Ia-

128 2639 236 2664 “cobus
256 2642 338 2665 nocte
359 2642 489 2673 sequenti
509 2642 652 2673 equitavit
673 2642 709 2667 ad
735 2643 884 2666 dominum
911 2644 1015 2667 Canen]

68 2689 100 2706 10
128 2680 300 2714 “pacemque
319 2682 444 2707 firmavit
464 2684 515 2707 hac
542 2684 665 2715 forma„-

212 2722 222 2737 ³
236 2724 280 2748 Cf.
295 2725 444 2755 Massa-ro,
457 2725 498 2749 De
511 2726 608 2756 gestis,
623 2726 670 2755 XI,
685 2732 698 2749 2
714 2724 768 2754 (ed.
784 2727 910 2754 prmum,
927 2733 954 2758 p.
967 2732 1016 2755 90;

125 2765 168 2790 ed.
187 2766 299 2795 Mmuu,
320 2774 345 2798 p.
366 2766 430 2798 45);
450 2767 584 2796 COR-rus,
607 2769 747 2796 Clzronica,
767 2768 801 2796 ΙΙ,
822 2775 846 2799 3.

212 2807 222 2823 ⁴
242 2809 382 2838 CORTUS„
408 2810 547 2839 Chronica,
575 2809 609 2839 ΙΙ,
633 2817 662 2840 3:
686 2810 835 2834 trascritto
863 2811 897 2833 da
916 2812 1016 2841 questo

125 2851 205 2880 quasi
227 2851 282 2874 alla
302 2851 410 2875 lettera.

214 2892 224 2909 ⁵
238 2893 322 2917 Dalla
339 2893 468 2917 Chronica
482 2894 527 2917 del
542 2893 684 2923 COR'i·Us1,
696 2894 731 2923 ΙΙ,
743 2901 773 2925 3:
790 2894 802 2905 ‘¹
815 2894 949 2925 promisit
962 2910 982 2918 ..
995 2913 1000 2918 .
1010 2913 1015 2917 .

128 2933 248 2965 “nepoti
270 2934 379 2957 domini
402 2934 490 2958 Canis
502 2953 525 2965 „.

213 2973 224 2989 ⁶
243 2974 378 3006 Corvrus,
399 2977 538 3007 Chronica,
552 2977 586 3006 11,
603 2983 632 3008 5:
656 2978 812 3001 “Tarvisio
829 2978 857 3001 in
873 2979 1015 3009 potestate

128 3016 320 3047 ‘'constituto,
339 3018 471 3043 dominus
485 3018 627 3045 Canis....
644 3021 779 3044 tractavit
793 3021 894 3044 habere
914 3020 1015 3044 Renal‘

68 2899 96 2925 15

259 3133 291 3156 T.
311 3132 398 3165 XVII,
421 3141 446 3165 p.
467 3140 486 3163 1,
506 3134 563 3158 vol.
582 3140 607 3158 11
629 3147 661 3152 —
682 3141 705 3159 2.

1073 2430 1156 2454 “dnm
1169 2433 1196 2454 et
1208 2430 1373 2459 Obizonem,
1387 2431 1564 2454 marchiones
1575 2433 1706 2455 estenses.
1716 2449 1736 2456 ..
1746 2449 1752 2456 .
1767 2433 1797 2455 in
1818 2434 1860 2456 sui
1884 2434 1962 2456 favo-

1072 2472 1160 2501 “rem,
1181 2480 1211 2496 ac
1232 2473 1317 2495 etlam
1335 2472 1483 2495 l'aduanos
1503 2473 1678 2496 extrinsecos
1692 2490 1712 2503 „.
1752 2474 1797 2497 Cf.
1814 2475 1962 2502 Mussnro,
1993 2479 2026 2496 20

1070 2517 1114 2538 De
1126 2516 1221 2546 gestis,
1239 2515 1286 2543 Xl,
1308 2521 1321 2545 7
1342 2515 1394 2542 (ed.
1406 2515 1535 2542 Paruum,
1549 2522 1595 2546 97:
1611 2516 1653 2539 ed.
1673 2516 1784 2543 Munus,
1799 2525 1824 2547 p.
1845 2516 1898 2548 49),
1912 2517 1962 2544 XI.

1070 2556 1085 2580 S
1104 2556 1158 2588 (ed.
1177 2558 1303 2586 Pnunm,
1324 2565 1349 2587 p.
1373 2564 1434 2588 103:
1458 2557 1501 2581 ed.
1521 2557 1634 2587 Mamas,
1655 2557 1708 2589 52).

1159 2597 1169 2613 7
1192 2598 1334 2629 “querens
1354 2605 1482 2629 rumpere
1502 2606 1597 2629 pacem
1619 2600 1747 2623 —iuxta
1760 2600 1907 2630 Paduam„
1930 2614 1962 2616 —

1070 2640 1206 2669 Coruvs„
1229 2642 1366 2666 Chronica,
1387 2640 1420 2667 ΙΙ,
1441 2647 1470 2671 5:
1488 2641 1611 2664 “volens
1631 2642 1733 2665 amodo
1754 2643 1883 2666 invenire
1897 2651 1962 2666 eau-

1070 2691 1127 2707 sam
1150 2698 1179 2702 —
1198 2685 1279 2715 juxta
1307 2683 1430 2706 Paduam
1444 2701 1466 2713 „.
1506 2683 1551 2707 Cf.
1571 2683 1718 2712 MussA‘ro,
1738 2685 1781 2708 De
1797 2686 1893 2715 gestis,
1914 2685 1962 2712 XI.
1992 2691 2023 2716 25

1072 2732 1084 2755 7
1105 2723 1157 2757 (ed.
1178 2726 1299 2753 Panum,
1325 2732 1350 2756 p.
1371 2732 1402 2756 97
1425 2732 1479 2756 sg.;
1500 2726 1541 2748 ed.
1562 2725 1675 2754 Mamm,
1695 2734 1720 2757 p.
1741 2734 1773 2758 49
1794 2727 1852 2758 sg.).

1159 2765 1169 2781 ⁸
1190 2766 1323 2795 CORTUS„
1344 2767 1482 2793 Chronica,
1503 2767 1535 2794 ΙΙ,
1557 2772 1585 2797 5:
1608 2767 1774 2791 “Dominus
1793 2768 1910 2792 Iacobus
1930 2782 1961 2785 -

1071 2810 1174 2832 “misit
1193 2808 1227 2832 ad
1249 2816 1309 2832 eum
1338 2815 1404 2832 suos
1429 2809 1537 2839 legatos
1565 2816 1616 2840 pro
1641 2817 1708 2840 pace
1735 2811 1894 2840 tractanda,
1914 2811 1961 2834 sed

1071 2852 1084 2864 ¹¹
1096 2851 1171 2874 nihil
1190 2851 1302 2882 profuit
1315 2868 1337 2880 η.

1158 2892 1169 2907 ⁹
1188 2893 1276 2916 Tutto
1307 2892 1326 2915 il
1352 2893 1481 2924 capitolo
1507 2899 1540 2924 37
1572 2891 1585 2916 ὲ
1611 2894 1757 2917 conforme
1782 2901 1797 2917 a
1823 2894 1960 2925 Coaws„
1990 2904 2024 2928 30

1073 2936 1209 2965 Chronica,
1230 2935 1263 2963 II,
1283 2933 1306 2958 6.
1345 2934 1390 2958 Cf.
1410 2935 1559 2962 MUSSATO,
1581 2936 1622 2959 Dc
1633 2937 1731 2967 gestis,
1744 2936 1790 2964 XI,
1805 2935 1819 2959 S
1834 2937 1887 2967 (ed.
1907 2937 1960 2960 PA-

1070 2984 1151 3006 DRIN,
1174 2984 1235 3008 1053
1251 2977 1294 3000 ed.
1308 2977 1420 3004 Mmux,
1441 2974 1499 3008 53);
1520 2977 1567 3005 XI,
1585 2984 1615 3001 10
1628 2978 1681 3009 (ed.
1698 2978 1821 3006 lunum,
1846 2978 1907 3007 1083
1921 2980 1963 3002 etl.

1070 3019 1183 3047 Mmm,
1207 3018 1261 3049 54).
