2422 3684
737 387 878 419 REDAZ.
901 386 934 418 A

416 467 498 491 tunc
522 463 663 499 propter
691 463 836 498 pestem,
861 467 927 498 que
960 457 1078 488 Padue
1110 457 1259 488 maxima

415 511 566 554 vigebat,
584 521 712 543 moram
729 510 890 542 trahebat
905 510 1047 546 Baxani‚
1061 510 1180 551 oppidi
1198 522 1259 552 pa-

415 572 493 598 tave
518 565 669 602 ditionis,
687 565 800 597 statim
820 565 864 596 ad
889 565 998 605 ipsum
1023 564 1115 595 misit
1130 574 1193 605 pro
1212 565 1260 595 le-

416 621 505 663 gatis
528 629 589 650 sex
612 629 690 650 suos
713 619 847 655 milites,
873 618 986 649 multis
1009 617 1085 649 aliis
1101 618 1259 656 sociatos,

416 674 473 715 qui
497 673 606 714 ipsum
631 673 807 704 visitarent
830 678 927 713 parte
952 682 1012 703 sua
1029 672 1208 712 ipsumque
1227 677 1259 702 et

416 725 529 758 omnia
545 737 605 757 sua
621 736 684 767 pro
701 725 798 757 libito
815 735 876 756 suo
889 724 951 755 sibi
970 725 1122 756 offerret.
1155 724 1259 762 Quod

416 780 529 818 etiam,
553 786 591 811 ut
607 779 829 820 experiencia
846 778 974 818 docuit,
992 787 1062 809 non
1079 777 1189 809 caruit
1207 777 1259 808 ef·-

416 833 523 864 fectu.
547 832 647 869 Nam,
664 839 843 873 postquam
858 832 949 862 idem
965 831 1122 863 dominus
1138 841 1199 862 rex
1216 831 1258 861 de

417 886 578 918 Veneciis
600 886 743 917 recessit
767 895 885 916 versus
908 884 1064 915 Paduam
1080 884 1259 925 profectu-

416 950 483 976 rus,
501 940 575 981 ipse
589 939 792 981 magnificus
817 937 977 970 dominus
993 936 1199 969 Franciscus
1216 937 1258 967 de

416 993 576 1024 Carraria
602 1002 678 1023 cum
704 992 797 1022 omni
825 992 897 1022 eius
930 990 1092 1022 comitiva
1124 989 1259 1021 obviam

416 1045 480 1077 sibi
505 1056 613 1087 usque
637 1046 682 1076 ad
706 1045 870 1087 Oriagum
896 1044 1057 1085 occurrit,
1072 1043 1258 1086 Padueque

416 1101 451 1130 in
489 1100 591 1131 domo
630 1100 771 1141 propria
809 1099 906 1140 regio
946 1109 1040 1129 more
1071 1103 1259 1137 susceptus,

417 1159 581 1194 quantum
596 1153 707 1184 honor
720 1154 859 1194 patitur,
874 1152 995 1183 diebus
1010 1151 1173 1193 pluribus,
1187 1151 1260 1192 qui-

418 1205 480 1237 bus
502 1205 621 1237 Padue
652 1206 728 1242 fuit,
760 1207 948 1237 honoratus
981 1212 1042 1242 est,
1071 1214 1200 1247 suoque
1225 1205 1259 1235 in

415 1271 556 1292 recessu
580 1259 623 1291 de
647 1260 766 1291 Padua
791 1265 937 1301 quatuor
966 1258 1166 1299 pulcerimis
1197 1259 1259 1290 do-

416 1321 515 1346 natus
538 1315 635 1356 equis
659 1320 692 1346 et
715 1313 758 1344 ab
780 1314 856 1354 ipso
882 1313 1032 1350 domino,
1045 1319 1209 1353 quantum
1227 1313 1259 1345 ei

417 1367 582 1408 possibile
607 1367 682 1404 fuit,
710 1367 899 1398 honorilice
928 1367 1111 1397 comitatus
1142 1376 1261 1397 versus

416 1421 622 1453 Vicenciam
646 1432 741 1452 suum
766 1419 911 1461 arripuit
933 1419 1008 1450 iter.

507 1529 579 1560 232.
604 1546 647 1549 —
672 1526 802 1563 Rebus,
827 1532 863 1557 ut
886 1536 990 1567 supra
1022 1526 1165 1557 relatum
1200 1532 1260 1563 est,

417 1580 648 1624 pendentibus
670 1580 761 1610 inter
786 1579 977 1611 Ecclesiam
1004 1579 1146 1621 eiusque
1164 1579 1261 1611 colli-

416 1641 513 1679 gatos
536 1641 633 1675 parte
659 1644 700 1665 ex
722 1644 791 1664 una
814 1633 1058 1674 presidemque
1086 1633 1262 1666 Barnabo-

417 1699 495 1720 nem
519 1695 616 1730 parte
641 1699 683 1719 ex
713 1688 832 1723 altera,
857 1687 936 1718 dum
965 1687 1168 1729 magnificus
1199 1689 1260 1720 do-

417 1743 527 1773 minus
552 1741 722 1773 Feltrinus
747 1741 790 1771 de
816 1740 992 1783 Goncaga,
1011 1740 1114 1783 Regii
1133 1751 1260 1782 preses,

417 1797 520 1828 totius
542 1795 611 1837 lige
636 1795 837 1835 capitaneus
863 1793 1044 1835 generalis,
1058 1804 1133 1824 cum
1154 1795 1261 1836 genti-

417 1850 480 1882 bus
502 1850 608 1891 ipsius
632 1849 700 1889 lige
724 1848 885 1879 bastitam
912 1848 1045 1879 Solarie
1069 1848 1262 1880 obsedisset

417 1904 613 1945 viribusque
628 1903 730 1934 totius
743 1902 813 1943 lige
827 1907 963 1932 teneret
977 1902 1161 1939 obsessam,
1175 1901 1262 1933 adeo

417 1964 455 1989 ut
477 1957 625 1989 obsessis
655 1957 748 1987 nulla
772 1956 917 1997 amplius
941 1956 1036 1997 quasi
1059 1956 1194 1987 adesset
1211 1955 1261 1986 fa-

419 2011 528 2042 cultas
553 2021 597 2042 ex
622 2009 820 2041 victualium
853 2010 999 2051 penuria
1029 2010 1170 2040 tenendi
1204 2009 1263 2040 ba-

417 2066 531 2096 stitam
554 2065 674 2105 ipsam,
698 2065 734 2095 id
759 2064 851 2105 quod
879 2063 1053 2105 presidem
1086 2062 1263 2094 Bernabo-

418 2128 496 2149 nem
520 2128 588 2149 non
615 2118 750 2157 lateret,
775 2117 1069 2158 consideransque
1101 2122 1262 2158 quantum

418 2171 544 2202 bastita
567 2171 641 2212 ipsa
665 2181 728 2212 pro
752 2181 813 2202 suo
839 2169 993 2201 faciebat
1019 2175 1119 2210 statu,
1138 2179 1263 2200 conce-

418 2225 469 2266 pit
493 2224 632 2255 omnino
656 2224 688 2254 vi
714 2234 773 2254 seu
806 2222 929 2253 fraude
961 2222 1120 2253 bastitam
1152 2222 1261 2263 ipsam

418 2277 621 2309 necessariis
634 2276 767 2313 fulcire,
784 2286 901 2317 seque,
918 2281 1063 2317 cogente
1082 2287 1129 2312 re,
1146 2285 1263 2316 perso-

419 2331 542 2362 naliter
572 2330 631 2361 illo
664 2330 822 2360 conferre
847 2328 1079 2360 obsessionem
1113 2328 1219 2369 ipsam
1244 2339 1263 2360 a

420 2384 515 2415 dicta
530 2383 655 2414 bastita
669 2393 729 2413 seu
743 2382 979 2414 obsidencium
998 2381 1081 2423 fuga
1093 2392 1153 2413 seu
1167 2380 1263 2412 duel-

419 2438 452 2469 lo
476 2443 658 2472 moturum,
683 2446 759 2466 cum
783 2440 904 2477 gentes
921 2434 988 2465 iam
1008 2439 1263 2476 congregasset,

420 2496 455 2522 et
489 2491 524 2521 in
559 2499 701 2520 numero
736 2488 894 2529 ampliori
928 2498 1029 2529 quam
1066 2487 1264 2518 obsidentes

420 2549 532 2579 erant;
558 2543 651 2585 quod
669 2542 870 2583 capitaneus
887 2541 958 2582 ipse
971 2541 1196 2582 persentiens,
1213 2541 1264 2571 vir

419 2597 467 2628 uti
493 2596 675 2628 multorum
700 2595 937 2636 experimento
962 2601 1013 2626 est
1036 2595 1069 2625 in
1093 2604 1262 2625 armorum

419 2649 619 2691 strepitibus
642 2654 815 2690 expertus,
833 2648 964 2689 peritus
988 2653 1023 2678 et
1047 2653 1177 2684 cautus,
1201 2657 1264 2687 per

421 2704 511 2734 viam
536 2701 896 2738 Mirandole‚alitmde
921 2711 987 2731 non
1012 2706 1137 2742 putans
1157 2700 1263 2731 hosti-

420 2757 483 2788 bus
507 2757 646 2793 aditum,
661 2756 704 2786 de
729 2754 875 2785 hostium
902 2754 1051 2795 ipsorum
1076 2753 1263 2795 progressi-

420 2810 483 2841 bus
496 2809 711 2841 solummodo
725 2808 877 2839 faciebat
890 2808 1091 2849 persentire,
1105 2816 1263 2838 securum

420 2864 454 2894 in
476 2865 553 2905 ipso
570 2873 606 2894 se
623 2868 745 2894 tenens
761 2872 883 2903 campo
901 2872 976 2893 cum
1000 2861 1109 2893 milite
1125 2871 1196 2897 suo,
1221 2870 1262 2891 eo

512 2980 535 3005 7.
557 2975 632 2998 libiti
656 2975 689 2997 ,11
708 2989 737 2992 ἢ
758 2981 799 3004 37.
820 2974 923 2996 dictam
945 2974 978 2997 M

1327 881 1364 911 10

1329 1147 1363 1177 15

1324 1414 1366 1445 20

1327 1732 1365 1764 25

1327 1999 1368 2031 30

1328 2265 1366 2295 35

1327 2530 1367 2560 40

1327 2795 1366 2826 45

776 253 948 290 GESTA
976 253 1275 290 MAGNIFICA
1307 254 1491 290 DOMUS
1522 252 1905 289 CARRARIENSIS

1735 386 1872 418 REDAz.
1896 386 1932 417 D

1418 467 1465 494 ra,
1490 456 1522 488 el
1546 457 1625 498 qual
1656 467 1719 499 per
1747 458 1781 488 la
1811 456 2030 498 pestilencia,
2054 455 2119 487 che
2150 455 2257 487 allora

1417 521 1477 542 era
1499 511 1629 553 grande
1647 521 1667 542 a
1682 511 1785 548 Pava,
1802 516 1899 542 stava
1923 521 1941 541 a
1957 509 2097 547 Bassam
2114 509 2256 541 castello

1419 563 1474 594 del
1506 574 1617 605 pavan
1650 565 1832 600 destrecm,
1864 563 1976 595 subito
2001 562 2128 593 mandi>
2159 573 2179 592 a
2209 561 2256 592 lui

1417 627 1481 657 per
1503 616 1700 648 ambaxaori
1722 617 1773 648 sei
1807 627 1844 648 so
1876 615 2064 647 chavalieri
2096 625 2258 655 acompa-

1417 670 1520 712 gnadi
1546 670 1589 701 de
1612 670 1707 702 molti
1733 670 1820 707 altri,
1838 670 1847 700 i
1864 669 1957 711 quali
1975 669 2007 699 el
2024 668 2178 699 visitasse
2195 678 2258 709 per

1418 729 1517 764 parte
1541 733 1599 754 soa
1623 729 1658 754 et
1688 723 1715 754 si
1742 723 1773 754 ie
1798 723 1937 754 offerise
1968 722 2015 753 lui
2045 727 2079 752 et
2109 727 2194 752 tutte
2224 721 2257 752 le

1419 786 1456 807 so
1480 786 1560 808 cose
1584 787 1604 807 a
1627 786 1664 808 so
1688 776 1812 817 piaser.
1857 775 1909 807 La
1933 775 2013 817 qual
2038 784 2129 811 cosa,
2159 783 2257 806 como

1419 829 1547 860 mostrb
1561 829 1616 869 poi
1630 829 1663 860 la
1678 829 1909 870 experiencia,
1922 829 2009 860 have
2024 828 2167 865 effecto,
2181 826 2258 864 che,

1421 891 1519 914 como
1551 882 1582 913 el
1607 883 1700 913 dicto
1723 892 1761 913 re
1785 892 1821 913 se
1844 881 1935 923 parti
1961 881 2005 912 da
2031 880 2173 912 Vinesia
2195 891 2258 922 per

1419 935 1533 977 vignir
1554 945 1655 966 verso
1680 934 1784 972 Pava,
1802 935 1833 965 el
1851 934 2047 965 sovradicto
2073 933 2258 975 magnifico

1418 989 1534 1032 signor
1558 989 1682 1020 mesier
1706 989 1904 1020 Francesco
1937 988 1980 1019 da
2012 987 2159 1018 Carrara
2192 996 2258 1018 con

1419 1041 1509 1073 bella
1533 1041 1771 1084 compagniai
1804 1040 1893 1071 ando
1926 1040 2084 1071 incontra
2118 1039 2184 1070 tina
2214 1038 2258 1070 ad

1420 1095 1559 1135 Oriago,
1583 1101 1616 1125 et
1640 1093 1694 1135 po’
1719 1094 1755 1125 so
1780 1094 1957 1125 honorado
1981 1104 2000 1123 a
2020 1092 2111 1123 Pava
2126 1092 2162 1123 in
2178 1101 2259 1123 casa

1419 1148 1559 1189 propria
1583 1147 1640 1178 del
1664 1146 1759 1178 dicto
1784 1146 1899 1188 signor
1923 1153 1956 1177 et
1980 1157 2000 1177 a
2023 1155 2061 1176 so
2085 1155 2194 1186 spese,
2227 1144 2259 1176 al

1421 1206 1572 1232 costume
1597 1200 1695 1237 riale,
1719 1199 1836 1242 alguni
1860 1199 1897 1231 di
1922 1199 1986 1231 che
2012 1198 2033 1230 'l
2057 1204 2143 1230 stete
2167 1198 2203 1229 in
2226 1199 2259 1229 la

1420 1253 1511 1284 dicta
1536 1253 1612 1284 cita.
1660 1252 1727 1283 Nel
1750 1263 1788 1284 so
1812 1252 1922 1294 partir
1946 1252 2000 1293 po'
2026 1262 2088 1293 per
2111 1251 2151 1282 lo·
2163 1251 2259 1282 dicto

1418 1307 1534 1348 signer
1557 1307 1588 1337 ie
1613 1307 1650 1338 fo
1675 1306 1855 1347 apresenta
1880 1311 2003 1347 quatro
2026 1304 2108 1336 belli
2137 1304 2259 1335 cavalli

1420 1367 1454 1391 et
1480 1361 1523 1390 da
1546 1360 1593 1391 lui
1617 1359 1842 1402 acompagna,
1866 1364 1994 1400 quanto
2018 1358 2049 1389 ie
2081 1358 2118 1389 fo
2148 1357 2260 1399 possi-

1421 1413 1510 1450 bele‚
1534 1423 1633 1444 verso
1656 1412 1821 1455 Vicenca.

1508 1522 1582 1552 232.
1601 1541 1641 1546 —-
1659 1521 1835 1563 Stagando
1851 1520 1883 1552 le
1898 1530 1988 1557 cose,
2007 1529 2106 1552 como
2122 1520 2138 1550 ὲ
2152 1519 2259 1557 dicto,

1420 1577 1511 1606 intro
1536 1574 1567 1604 la
1592 1572 1720 1606 Ghiesa
1744 1580 1778 1606 et
1807 1573 1820 1605 i
1850 1583 1888 1605 so
1924 1573 2089 1615 colligadi
2122 1573 2166 1605 da
2193 1583 2261 1604 una

1421 1634 1516 1670 parte
1541 1637 1559 1658 e
1576 1627 1598 1658 ’l
1614 1627 1734 1669 signor
1756 1627 1878 1658 mesier
1895 1626 2053 1658 Bernabb
2078 1626 2122 1657 da
2139 1626 2276 1671 l’altrau

1423 1687 1455 1713 et
1484 1680 1658 1712 habiando
1675 1679 1706 1712 el
1721 1680 1906 1722 magnifico
1931 1679 2053 1710 mesier
2070 1679 2199 1711 Feltrin
2217 1679 2261 1710 da

1423 1734 1600 1777 Goncaga‚
1625 1733 1740 1776 signor
1757 1733 1793 1764 di
1811 1733 1931 1775 Recco
1956 1739 1990 1763 et
2016 1733 2192 1774 capitanio
2218 1733 2260 1764 de

1423 1793 1509 1819 tutta
1532 1788 1565 1818 la
1589 1786 1667 1829 liga,
1701 1796 1765 1818 con
1796 1786 1825 1818 le
1857 1797 1893 1818 so
1926 1792 2031 1828 gente
2064 1785 2197 1817 assedia
2227 1786 2261 1817 la

1423 1841 1531 1872 bastia
1553 1840 1587 1871 di
1610 1839 1741 1875 Solara,
1757 1845 1790 1871 et
1814 1838 2025 1882 tegnandola
2041 1849 2108 1870 con
2124 1844 2210 1870 tutte
2227 1839 2260 1870 le

1423 1895 1518 1935 force
1532 1893 1623 1925 della
1641 1893 1708 1935 liga
1721 1892 1747 1924 si
1761 1899 1900 1930 strecta‚
1915 1893 1979 1924 che
1993 1903 2012 1923 a
2026 1892 2121 1934 quilii
2137 1893 2261 1924 dentro

1422 1958 1465 1979 no
1483 1948 1575 1978 fosse
1593 1947 1718 1989 alguna
1735 1956 1901 1988 speranca
1918 1956 1979 1987 per
1996 1946 2117 1977 desaso
2131 1946 2175 1977 de
2188 1945 2262 1977 vic-

1422 2001 1531 2033 toaria
1548 2001 1591 2032 de
1617 2010 1736 2042 posser
1751 2000 1855 2042 tignir
1871 2000 1905 2030 la
1917 1999 2011 2030 dicta
2028 1999 2150 2037 bastin,
2166 2004 2200 2030 et
2216 2007 2261 2030 no

1422 2055 1542 2086 siando
1557 2053 1674 2096 quello
1693 2052 1846 2084 etiandio
1865 2052 2001 2084 occulto
2017 2052 2049 2082 al
2063 2052 2181 2093 signor
2192 2062 2263 2083 me-

1422 2108 1491 2139 sier
1509 2107 1677 2143 Bernabo,
1702 2107 1733 2137 el
1759 2106 1849 2148 qual,
1875 2106 2129 2137 considerando
2155 2115 2261 2147 quan-

1422 2168 1457 2193 to
1482 2160 1514 2192 la
1538 2160 1630 2191 dicta
1656 2159 1765 2190 bastin
1789 2159 1885 2190 fasea
1909 2169 1971 2200 per
1999 2158 2032 2190 lo
2056 2169 2093 2190 so
2118 2157 2194 2195 sta’‚
2225 2168 2261 2189 se

1422 2224 1504 2256 pose
1529 2213 1563 2244 in
1586 2222 1709 2244 anemo
1734 2212 1778 2244 de
1802 2212 1913 2242 fornir
1937 2211 1967 2242 la
1991 2211 2085 2242 dicta
2109 2210 2217 2242 bastia
2241 2220 2261 2241 o

1422 2279 1483 2308 per
1516 2267 1611 2308 {orca
1643 2276 1661 2296 ο
1693 2275 1755 2306 per
1785 2265 1936 2306 inganno
1969 2264 2060 2296 delle
2093 2274 2173 2296 cose
2204 2274 2263 2295 ne-

1423 2320 1579 2356 cessarie,
1597 2324 1632 2350 et
1647 2318 1810 2355 anchora,
1828 2318 1858 2348 o'
1876 2319 1940 2349 che
1958 2318 2049 2348 fosse
2067 2328 2131 2358 pur
2147 2317 2191 2348 de
2203 2316 2263 2348 be-

1421 2383 1540 2415 sogno,
1565 2371 1660 2403 voler
1682 2372 1717 2402 in
1743 2381 1892 2412 persona
1916 2370 2100 2402 cavalchar
2132 2371 2174 2401 lin
2208 2369 2263 2401 ala

1422 2427 1515 2458 dicta
1539 2425 1648 2456 bastia
1673 2430 1706 2455 et
1729 2433 1886 2455 remover
1910 2423 1953 2454 da
1977 2423 2090 2465 quella
2115 2424 2149 2454 in
2174 2428 2262 2455 tutto

1420 2479 1594 2515 l’assedio,
1619 2488 1637 2508 ο
1663 2478 1689 2509 si
1722 2487 1784 2518 per
1816 2476 1940 2514 bat-aia,
1965 2486 1984 2507 o
2012 2476 2038 2507 si
2069 2486 2130 2517 per
2153 2485 2262 2507 scam-

1421 2542 1483 2574 par
1507 2532 1550 2563 de
1566 2531 1672 2572 quissi,
1691 2531 1752 2563 che
1770 2530 1802 2560 la
1818 2530 2006 2566 assediava,
2031 2535 2066 2560 et
2089 2529 2262 2561 habiando

1422 2585 1460 2627 ca
1484 2584 1659 2626 congrega
1681 2583 1713 2614 le
1745 2593 1783 2614 so
1814 2588 1919 2625 gente
1943 2583 1979 2613 in
2010 2592 2151 2613 numero
2188 2581 2262 2613 assa

1422 2647 1536 2668 maore
1555 2636 1620 2668 cha
1636 2635 1745 2678 quilli,
1763 2636 1827 2666 che
1846 2646 1904 2666 era
1921 2646 1940 2666 a
1958 2635 2134 2672 l’assedi03
2159 2635 2191 2666 el
2205 2645 2263 2666 ca-

1420 2690 1551 2732 pitanio
1577 2689 1667 2721 della
1691 2689 1759 2732 liga
1776 2689 1902 2720 mesier
1917 2689 2048 2720 Feltrin
2067 2689 2111 2720 da
2128 2688 2263 2730 601103-

1421 2754 1464 2784 ga
1488 2743 1657 2774 sentando
1681 2748 1802 2783 queste
1826 2752 1917 2779 cose,
1942 2751 2042 2774 como
2067 2741 2180 2778 homo,
2198 2741 2262 2772 che

1422 2806 1481 2828 era
1505 2795 1608 2827 molto
1633 2800 1775 2836 experto
1791 2795 1825 2826 in
1844 2795 1939 2826 facto
1957 2795 2085 2825 d'arme
2103 2800 2137 2825 et
2161 2794 2262 2825 altra-

1421 2856 1535 2881 mente
1559 2848 1652 2879 savio
1676 2855 1710 2878 et
1734 2848 1911 2885 scastrido,
1936 2858 1980 2879 no
2001 2847 2180 2880 credando
2197 2846 2261 2878 che

1510 2966 1550 2990 27.
1571 2959 1748 2990 degnandoln
1772 2960 1796 2982 Ι)
1814 2972 1845 2976 -
1866 2965 1955 2990 29-30.
1976 2959 2099 2982 victoria
2118 2959 2145 2981 l’
2168 2971 2201 2974 —
2221 2964 2262 2989 30.

1421 3005 1518 3036 ‹lignir
1542 3005 1567 3028 I'
