2422 3684
498 247 670 284 GESTA
701 249 1000 285 MAGNIFICA
1031 249 1214 284 DOMUS
1244 249 1634 285 CARRARIENSIS

463 380 604 412 REDAz.
627 380 659 412 A

142 450 206 481 sibi
231 451 275 483 ad
297 461 367 482 rem
391 451 623 493 peragendam
650 451 863 489 assistebant,
882 452 985 483 simu-

141 504 213 535 lato
238 505 280 536 de
307 504 489 535 Alemania
519 504 657 535 lieteras
688 505 868 536 advenisse
900 516 986 536 mor·

144 563 210 588 tem
242 557 484 599 significantes
519 556 648 588 domini
683 557 802 593 Canis,
841 558 986 589 civitatis

144 610 284 641 Verone
309 611 342 641 in
367 620 402 641 se
430 609 618 641 dominium
643 610 783 651 accepit
810 610 988 651 legitimis-

142 673 208 704 que
243 662 408 694 fratribus
440 663 597 694 exclusis.
646 663 752 700 Quod
777 663 881 694 Canis
915 663 987 704 ipse

142 717 186 748 de
207 716 390 748 Alemania
407 717 632 758 persentiens,
650 725 741 753 mox,
758 716 853 747 nullo
871 727 985 748 secum

141 770 278 812 cognati
295 775 470 811 pertracto
487 770 650 811 presidio,
665 769 868 801 Vicenciam
884 770 989 801 adve-

140 823 197 854 nit.
244 823 314 854 Iam
339 823 430 854 enim
454 823 663 854 Vicecomes
679 822 859 853 Bernabos
877 823 987 854 Vero-

141 887 218 906 nam
244 877 469 918 equitaverat,
499 886 598 917 quam
632 887 700 907 non
732 883 880 917 cognato
915 886 987 921 suo,

140 935 193 960 set
215 928 280 960 sibi
303 929 482 971 acquirere
515 930 686 970 sperabat.
736 930 773 959 In
809 940 876 970 qua
909 939 985 960 cum

140 983 337 1015 Mantuanis
352 984 539 1015 innumeris
556 984 600 1015 ad
612 983 783 1025 Fregnani
799 983 987 1014 subsidium

141 1043 240 1068 eraut
264 1037 435 1068 Feltrinus
464 1043 498 1068 et
528 1036 700 1078 Ugolinus
730 1037 773 1067 de
807 1036 986 1078 Goncaga.

140 1090 247 1122 Canis
270 1090 346 1131 ipse
370 1101 453 1121 vero
478 1090 648 1130 presidem
667 1096 829 1130 patavum
848 1090 890 1120 de
909 1089 987 1120 sub-

139 1143 227 1174 sidio
267 1142 446 1184 perquirit,
487 1143 544 1184 qui
584 1143 615 1173 ei
655 1142 774 1183 petitis
813 1142 987 1183 acquievit

140 1206 286 1237 moxque
310 1196 377 1227 sibi
394 1196 599 1236 sonipedem
616 1195 775 1237 insigniis
792 1195 863 1226 suis
881 1196 987 1226 coho-

140 1255 284 1290 pertum,
310 1260 403 1279 arma
427 1259 530 1290 super
547 1255 641 1280 veste
660 1250 794 1280 comuni
814 1254 848 1280 et
873 1254 988 1280 cetera

139 1302 299 1334 militaria
322 1303 384 1334 sub
409 1303 589 1343 plaustrali
613 1302 724 1345 effigie
743 1313 819 1333 cum
838 1302 988 1344 armige-

139 1366 256 1387 rorum
278 1356 382 1396 copia
406 1355 603 1393 transmisit,
629 1355 754 1396 quibus
772 1355 869 1386 miles
889 1366 988 1397 egre-

140 1409 214 1451 gius
238 1414 375 1450 preerat
400 1409 558 1440 dominus
583 1409 732 1440 Mannus
764 1409 807 1440 de
831 1408 987 1440 Donatis.

141 1462 211 1500 Qui
235 1472 313 1493 cum
339 1461 541 1493 Vicenciam
573 1473 648 1493 cum
675 1463 744 1493 suis
772 1462 988 1503 pervenisset

140 1514 397 1556 invenissetque
421 1514 552 1545 Canem
578 1516 687 1556 ipsum
712 1526 781 1546 non
815 1515 985 1546 modicum

139 1568 384 1609 trepidantem,
400 1569 496 1610 quasi
512 1575 670 1599 coactum
688 1568 862 1600 Veronam
879 1578 986 1610 usque

141 1621 321 1662 pertraxit,
344 1632 411 1663 quo
436 1627 517 1653 ante
542 1622 636 1652 diem
653 1622 832 1663 applicuit,
851 1622 893 1653 ad
909 1632 988 1663 por-

143 1680 278 1717 tamque
298 1675 466 1716 pervenit‚
491 1676 549 1706 ubi
574 1675 667 1706 nulla
689 1682 761 1706 erat
777 1676 887 1706 ferme
905 1685 987 1717 gen-

143 1730 232 1760 cium
258 1727 426 1766 custodia,
451 1728 592 1759 intentis
620 1728 800 1771 armigeris
832 1728 987 1760 omnibus

142 1781 187 1812 ad
219 1787 317 1822 porte
349 1782 490 1812 alterius
522 1781 713 1818 defensam,
737 1793 838 1823 quam
866 1788 988 1824 gentes

142 1835 390 1876 oppugnabant
402 1834 533 1866 domini
547 1835 769 1866 Bernabonis.
795 1835 989 1872 Querente-

143 1899 209 1930 que
228 1893 328 1929 porte
345 1888 502 1919 custodia
527 1887 656 1919 Canem
674 1889 798 1928 ipsum,
815 1888 874 1929 qui
892 1899 985 1919 suam

143 1947 235 1972 esset
257 1948 290 1972 et
314 1942 411 1983 quasi
437 1942 613 1973 dominum
645 1952 741 1972 suum
774 1942 988 1972 coniectaret

143 1995 276 2032 adesse,
304 1994 407 2026 Canis
439 1994 559 2036 inquit.
611 1995 711 2037 “Ego
742 2005 814 2026 sum
833 2018 859 2035 „.
907 1994 986 2031 Quo

143 2048 192 2080 ita
217 2048 290 2079 fore
308 2054 487 2088 conperto,
504 2049 662 2080 reseratis
687 2054 786 2090 porte
802 2049 987 2090 repagulis,

144 2101 315 2132 elevatum
340 2111 419 2132 mox
436 2107 575 2142 pontem
594 2102 786 2143 deponunt,
803 2102 859 2143 qui
879 2112 920 2131 ex
938 2102 988 2132 ni-

145 2155 213 2186 mia
244 2154 509 2186 ascendencium
536 2155 750 2197 frequencia,
775 2155 915 2196 preside
940 2161 989 2186 ta-

145 2218 223 2238 men
246 2209 314 2238 iam
336 2208 462 2239 intrato
486 2207 619 2239 ruinam
644 2219 764 2249 passus
780 2214 840 2245 est,
866 2214 927 2245 set,
940 2208 988 2239 uti

145 2261 216 2292 fata
241 2260 415 2298 volebant,
429 2267 544 2302 ponte,
569 2271 671 2303 quam
689 2262 809 2293 melius
826 2262 987 2302 possibile

146 2315 221 2350 fuit,
244 2320 411 2355 temptam,
435 2321 555 2356 gentes
587 2325 705 2346 omnes
733 2314 795 2346 sub
820 2316 989 2356 plaustra-

144 2366 233 2398 libus
256 2366 429 2397 banderiis
451 2366 654 2399 introierunt
678 2368 774 2399 illese
798 2368 842 2399 ad
860 2367 986 2398 bellum
1022 2394 1023 2403 ,

146 2426 263 2460 parate
289 2430 364 2451 cum
390 2421 499 2451 hoste.
546 2419 626 2457 Quo
651 2421 793 2452 auribus
818 2420 989 2463 Fregnani

148 2478 182 2504 et
205 2473 340 2505 illorum
367 2473 410 2504 de
436 2472 602 2515 Goncaga
625 2474 771 2515 perlato,
787 2474 862 2515 ipse
881 2474 990 2505 domi-

146 2537 210 2558 nus
233 2527 435 2568 Fregnanus
468 2536 537 2557 non
567 2527 681 2558 multis
711 2528 863 2559 sociatus
890 2528 988 2558 fratri

147 2579 269 2611 obvius
292 2579 454 2618 occurrit,
482 2589 524 2611 ne
554 2587 694 2621 pontem
724 2581 888 2612 transiret
920 2580 988 2612 Na-

147 2633 238 2663 vium
261 2632 480 2670 inhibiturus,
502 2632 629 2674 ibique,
652 2633 751 2665 simul
779 2635 864 2665 inito
889 2634 989 2670 bello,

148 2687 351 2729 Fregnanus
377 2686 449 2727 ipse
482 2687 598 2718 fratris
629 2688 784 2720 manibus
815 2688 988 2720 occubuit.

149 2739 276 2782 Sicque
292 2750 369 2771 cum
386 2741 514 2771 auxilio
531 2741 684 2782 gentium
701 2741 846 2782 presidis
866 2742 989 2773 Carra-

148 2793 268 2825 rieusis
291 2794 395 2825 Canis
416 2795 489 2835 ipse
513 2801 547 2826 et
559 2795 710 2831 domum,
727 2796 873 2836 patriam
891 2801 924 2826 et
939 2796 989 2827 ci-

148 2847 285 2878 vitatem
309 2848 528 2889 recuperavit
551 2849 754 2880 ammissam.

237 2959 291 2991 5-6.
308 2960 506 2990 legitimusque
527 2961 562 2983 All
578 2975 609 2978 —
633 2968 671 2992 17.
691 2962 780 2984 vestes
801 2962 877 2984 Jl—
892 2968 933 2992 31.
947 2961 990 2984 in-

149 3007 185 3028 sit
207 3006 243 3028 M
259 3018 290 3021 —
311 3004 353 3035 36.
379 3012 446 3035 quas
466 3006 499 3027 ,11

1056 877 1093 907 10

1056 1141 1092 1171 15

1051 1933 1093 1962 30

1052 2198 1092 2229 35

1053 2465 1093 2495 40

1054 2729 1092 2761 45
