2422 3684
2 270 5 275 ’
0 188 11 247 ⁵.ae-

79 789 111 816 10

77 1013 108 1040 15

75 1238 110 1265 20

77 1686 113 1714 30

73 2012 113 2045 35

75 2281 116 2312 40

78 2593 112 2621 45

80 2815 116 2842 50

85 3035 118 3062 55

455 251 629 288 GESTA
657 251 961 286 MAGNIFICA
989 250 1177 287 DOMUS
1206 248 1595 286 CARRARIENSIS
1918 247 1964 287 57

140 390 226 419 facta,
240 390 326 418 dicta,
346 390 424 422 gesta
438 390 465 414 et
485 390 632 413 contracta
653 397 700 422 per
714 390 894 422 supradictos
914 390 1042 423 superius
1057 392 1233 420 nominatos,
1247 392 1348 423 sponte
1367 392 1394 416 et:
1412 398 1445 415 ex
1467 392 1543 414 certa
1563 391 1685 415 sciencia
1706 399 1736 415 ac
1757 392 1835 416 motu
1855 391 1970 423 proprio

140 435 338 459 confirmantes
358 435 385 458 et
405 434 604 466 approbanteS.
625 434 649 457 si
668 435 695 457 et
717 435 744 457 in
767 436 902 465 quantum
925 435 1079 467 respiciant
1106 436 1236 467 premissi
1260 436 1357 460 iacobi
1382 437 1410 460 et
1436 443 1626 459 successorum
1653 437 1713 459 eius
1739 435 1917 459 commodum
1943 437 1970 459 et

139 480 275 503 favorem.
312 479 429 503 Necnon
450 479 586 502 similiter
605 479 660 510 ipsi
682 479 809 508 plenarie
829 480 1010 504 concedimus
1030 482 1058 504 et
1077 481 1213 505 donamus
1233 488 1264 505 ac
1285 481 1448 513 specialiter
1467 480 1663 504 confirmamus
1683 488 1779 504 omnes
1798 483 1826 504 et
1840 481 1968 512 singulas

137 526 340 557 possessiones,
362 525 435 549 bona
455 532 502 548 seu
524 526 592 555 iura,
614 531 788 555 quecumque
809 526 961 557 peripsum
977 526 1109 550 Iacobum
1125 534 1300 559 quocumque
1322 528 1381 551 iure
1402 534 1447 550 scu
1462 526 1550 550 titulo
1571 527 1709 556 acquisita
1729 527 1827 550 habita
1849 526 1889 549 vel
1907 533 1970 557 pos-

140 576 214 593 sessa
234 570 267 593 ab
287 569 382 600 aliqua
403 570 585 599 comunitate,
607 569 804 599 universitate,
830 571 963 602 collegio,
989 573 1125 595 societate
1152 579 1198 595 seu
1224 572 1364 603 singulari
1393 578 1522 602 persona,
1542 571 1572 594 in
1593 572 1632 594 eis
1653 572 1785 594 omnibns
1804 573 1831 594 et
1851 571 1972 599 singulis

139 615 375 645 possessionibus,
403 614 511 637 iuribus
537 621 584 637 seu
609 613 692 637 bonis
719 615 870 641 actionem.
897 617 1068 647 peticionem
1089 624 1135 640 seu
1156 618 1383 646 persecucionem
1405 624 1434 640 ac
1454 616 1647 639 retencionem
1667 616 1859 639 omnimodam
1881 615 1972 647 ipsius

138 660 165 682 et
184 660 245 682 eius
264 659 473 682 successoribus
492 659 628 690 perpetuo
649 659 844 683 concedentes.
884 660 917 683 Et
938 660 1082 691 predictas
1102 668 1199 684 omnes
1219 661 1429 689 restitut-iones,
1444 661 1652 687 concessiones,
1667 660 1853 687 donaciones,
1873 660 1974 684 contir-

139 703 290 733 maciones,
310 703 421 734 gracias
441 704 468 726 et
488 703 643 734 privilegia
664 703 791 732 facimus,
812 704 909 728 damus
930 707 957 728 et
977 705 1152 729 conferimus
1172 707 1283 737 prefato
1304 706 1405 729 iacobo
1426 707 1452 729 et
1471 707 1530 729 eius
1550 705 1579 728 in
1601 706 1745 736 perpetum
1766 705 1974 728 successoribus

138 755 170 771 ae
187 748 351 772 Bernhardo
373 749 487 771 notario
508 748 540 771 de
561 747 738 772 Castellione
758 751 878 776 aretino,
899 751 1080 780 procuratori
1107 753 1134 774 et
1160 752 1360 781 procuratorio
1380 751 1498 774 nomine
1517 750 1637 782 predicti
1659 749 1753 773 iacobi
1775 750 1924 781 recipienti
1946 751 1974 773 et

142 793 312 824 acceptanti‚
331 800 388 816 non
409 793 590 816 obstantibus
612 792 645 816 ad
666 794 801 823 premissa
822 794 866 817 vel
888 794 1004 825 aliquod
1025 796 1225 825 premissorum
1248 795 1266 819 1.
1287 796 1420 827 Quisquis,
1441 797 1468 819 et
1489 795 1505 819 l.
1527 794 1647 818 secunda
1669 794 1699 818 C.
1721 795 1872 818 Αᾱ.1.ΙηΙ.
1893 795 1972 817 maie-

140 837 228 867 statis,
243 839 271 861 et
285 838 456 861 sentenciam
472 837 597 861 rescindi
613 844 667 861 non
684 845 775 868 posse,
791 838 807 861 l.
823 838 901 862 finali
917 841 943 862 et
958 841 1000 863 De
1013 840 1183 868 petitionibus
1197 841 1320 864 bonorum
1334 840 1454 865 sublatis.
1470 840 1487 864 l.
1505 847 1526 867 1,
1538 840 1556 863 1.
1570 846 1597 867 x,
1612 840 1639 863 et
1653 838 1684 863 C.
1702 840 1744 862 De
1755 839 1879 869 precibus
1892 839 1973 868 impe-

140 882 230 906 ratori
241 882 391 915 offerendis,
406 882 423 905 l.
439 883 525 914 Quod,
540 883 567 905 et
581 882 598 906 l.
615 883 746 912 Reperio,
760 884 787 906 et
802 883 823 906 si
841 884 939 906 contra
956 884 997 907 ius
1011 884 1053 908 vel
1067 885 1131 908 utili
1149 885 1272 916 publico,
1285 885 1304 909 1.
1318 885 1395 908 finali
1411 886 1438 908 et
1452 886 1496 908 De
1505 884 1644 914 pedaneis,
1659 884 1676 908 l.
1693 885 1795 911 Placet,
1810 885 1837 907 et
1851 884 1916 915 Dig.
1930 885 1974 907 De

140 927 183 959 off.
205 927 260 950 eius
279 927 322 951 cui
340 934 413 950 mera
432 929 473 950 est
491 926 637 955 iurisdicio,
658 927 677 950 l.
693 935 703 951 1
722 927 751 950 in
767 928 921 958 principio,
937 930 963 952 et
981 930 1020 951 De
1034 932 1143 960 utroque
1157 930 1239 962 afficio
1254 931 1317 959 iud„
1333 929 1350 953 l.
1369 931 1460 953 lubere
1473 937 1578 955 cavere.
1599 930 1626 952 et
1640 931 1682 954 De
1696 929 1874 953 contrahenda
1888 931 1974 958 emfiL,

139 972 157 996 1.
175 973 233 996 Non
247 972 318 1000 licet,
331 973 359 995 ei:
373 971 406 995 C.
422 972 464 995 De
477 972 655 995 contractibus
666 971 728 999 ind.,
740 973 767 995 et
778 974 888 999 contra,
899 973 917 997 1.
932 980 940 996 1
955 975 981 997 et
993 973 1059 997 aliis
1071 974 1180 1003 legibus
1192 975 1422 1005 quibuscumque,
1437 982 1485 1005 per
1496 982 1564 1005 quas
1575 981 1688 1005 presens
1702 974 1856 999 concessio.
1870 974 1975 1005 gracia,

139 1017 307 1044 liberalitas
327 1016 519 1040 munificentia
540 1023 587 1040 seu
609 1017 638 1039 in
660 1018 801 1047 integrum
823 1018 971 1041 restitucio
991 1020 1086 1050 posset
1101 1019 1232 1050 impediri
1248 1020 1463 1049 quomodolibet
1478 1019 1520 1043 vel
1536 1019 1652 1047 differri,
1672 1019 1773 1050 quibus
1788 1020 1816 1042 in
1831 1018 1882 1042 hac
1896 1019 1976 1050 parte

138 1069 172 1086 ex
193 1064 268 1086 certa
287 1063 408 1086 scientia
429 1069 459 1085 ac
480 1063 569 1086 nostri
593 1062 706 1093 imperil
730 1064 871 1093 potestate
896 1064 1059 1092 specialiter
1084 1064 1252 1090 derogamus
1279 1071 1310 1088 ae
1336 1073 1380 1088 eas
1406 1065 1536 1088 totaliter
1561 1064 1737 1094 abrogamus,
1757 1063 1875 1094 perinde
1900 1071 1930 1086 ac
1950 1065 1973 1087 si

140 1114 234 1131 earum
254 1108 336 1131 tenor
356 1107 402 1130 hic
423 1106 495 1130 foret
522 1107 682 1138 descriptus
710 1107 873 1137 specialiter
899 1109 925 1131 et
951 1115 1108 1138 expressus.
1145 1109 1227 1132 Nulli
1249 1117 1314 1138 ergo
1335 1110 1453 1133 omnino
1475 1110 1620 1133 hominum
1648 1109 1732 1132 liceat
1751 1108 1822 1131 hanc
1843 1109 1974 1139 paginam

140 1153 237 1175 nostre
256 1151 463 1178 restituciouis
485 1151 698 1181 renovacionis⁷
719 1153 922 1178 concessionis
944 1153 1123 1179 donacionis=
1142 1153 1356 1182 ratificacionis,
1376 1154 1609 1185 approbacionis.
1630 1153 1860 1177 confirmacionis
1880 1154 1907 1175 ct
1927 1160 1976 1174 vo-

141 1196 264 1220 luntatis
285 1195 443 1226 infringere
463 1195 507 1219 vel
528 1196 553 1219 ei
574 1203 642 1219 ausu
662 1198 815 1220 temerario
832 1198 985 1220 contraire.
1022 1198 1052 1220 Si
1072 1199 1134 1227 (luis
1155 1199 1245 1221 autem
1267 1199 1408 1222 attentare
1428 1199 1638 1230 presumpserit,
1657 1200 1750 1229 preter
1766 1205 1880 1229 gravem
1903 1197 1977 1220 indi-

140 1242 308 1271 gnacionem
329 1243 457 1265 nostram
478 1248 577 1270 penam
609 1240 688 1264 mille
710 1241 887 1265 marcharum
908 1242 969 1264 auri
991 1243 1064 1271 puri,
1084 1243 1261 1266 medietatem
1284 1243 1373 1271 regrali
1394 1251 1501 1267 camere
1521 1245 1616 1267 nostre
1636 1245 1662 1266 et
1689 1243 1773 1266 aliam
1795 1242 1975 1265 medietatem

141 1287 215 1317 parti
237 1286 301 1313 lese,
322 1286 561 1310 irremissibiliter
582 1286 798 1317 persolvendam
813 1293 841 1310 se
856 1288 969 1310 noverit
989 1287 1174 1310 incursurum
1207 1287 1237 1310 Iu
1254 1295 1373 1317 quorum
1389 1288 1584 1311 testimonium
1601 1289 1742 1319 presentes
1758 1287 1872 1311 lieteras
1887 1287 1976 1310 scribi

142 1332 169 1354 et
190 1332 347 1354 maiestatis
368 1332 464 1355 nostre
484 1331 583 1359 sigillo
603 1331 802 1354 mandavimus
822 1331 1003 1355 communiri.
1041 1331 1131 1355 Huius
1158 1334 1244 1355 eciam
1272 1332 1312 1355 rei
1337 1334 1422 1356 testes
1442 1334 1524 1356 sunt:
1549 1332 1685 1356 Gerlacus
1712 1333 1905 1361 mammonas,
1926 1331 1977 1354 Ar-

141 1378 236 1400 nestus
256 1377 402 1409 pragensis
423 1377 662 1407 archiepiscopus,
683 1384 712 1399 ac
735 1377 873 1400 Iohannes
894 1377 1042 1407 episcopus
1064 1377 1259 1401 cloniacensis,
1280 1385 1388 1401 necnon
1412 1378 1538 1401 illustres
1552 1380 1578 1401 et
1595 1378 1706 1401 nobiles
1720 1377 1863 1401 Rodulfus
1882 1376 1978 1400 senior

141 1421 274 1445 Saxonic.
295 1422 364 1444 sacri
383 1421 497 1452 imperii
517 1421 809 1451 archimares‹-}1a]lus‚
832 1421 967 1444 Albertus
988 1421 1104 1444 Austrie
1124 1422 1268 1445 barminus
1289 1423 1464 1449 stetinensis.
1484 1423 1622 1446 Nicolaus
1643 1422 1753 1453 Opavie
1772 1423 1799 1445 et
1818 1421 1979 1445 Fridericus

144 1466 177 1489 de
191 1465 276 1489 Decle
290 1465 381 1495 duces,
397 1473 427 1489 ac
442 1465 581 1488 iohannes
600 1466 772 1494 burcravius
792 1465 825 1489 de
838 1465 1033 1495 Nurembereh
1052 1468 1079 1489 et
1093 1466 1263 1497 Meynardns
1284 1467 1408 1493 Goricie,
1430 1467 1635 1491 Waldemarius
1655 1468 1688 1490 de
1708 1466 1824 1492 Anhalt.
1844 1466 1980 1489 Albertus

143 1511 176 1534 de
195 1509 388 1539 Sacromonte,
408 1510 542 1534 Uldricus
563 1510 596 1534 de
615 1510 795 1534 Helfenstein
816 1512 843 1534 et
862 1510 1026 1534 Fridericus
1053 1511 1084 1534 (le
1111 1510 1286 1535 Orlemundo
1313 1512 1441 1537 comites,
1461 1519 1569 1535 necnon
1591 1512 1730 1535 Eia-astro
1750 1512 1783 1535 de
1803 1510 1978 1537 Hohenloch,

143 1554 289 1579 Valterius
309 1555 342 1578 de
361 1555 549 1581 Serohenselt.
570 1555 668 1579 Simon
695 1556 728 1578 de
754 1555 983 1583 Lichtemburch,
1005 1554 1141 1579 Crevelco
1164 1556 1197 1579 de
1220 1556 1298 1587 Lipn,
1324 1555 1445 1579 Iodocus
1472 1557 1504 1580 (le
1525 1557 1722 1583 Rosernberch,
1749 1555 1921 1579 Villhelmus
1947 1555 1981 1578 dc

142 1600 300 1626 Lautstein.
322 1599 459 1624 Steffanus
480 1600 514 1623 de
534 1600 676 1623 Sor-berch
702 1602 730 1623 et
751 1600 880 1624 Andreas
900 1601 933 1623 de
953 1601 1043 1630 Duba,
1066 1601 1157 1624 nostri
1178 1602 1323 1632 principes
1349 1602 1376 1624 et
1397 1602 1526 1625 barones.
1563 1602 1668 1625 Datum
1693 1601 1827 1631 Cuoyme,
1845 1606 1869 1623 Π
1891 1607 1980 1623 nonas

142 1645 224 1675 iunii,
247 1652 321 1668 anno
341 1644 452 1668 domini
470 1645 624 1668 millesimo
639 1646 839 1668 trecentesimo
853 1645 1069 1675 quadragesimo
1083 1647 1196 1668 octavo.
1214 1645 1374 1668 indictione
1388 1646 1487 1677 prima,
1502 1654 1652 1674 regnorum
1668 1647 1831 1670 nostrorum
1848 1644 1980 1668 secundo.

230 1689 266 1712 Et
285 1696 337 1719 ego
357 1688 496 1712 Nicolaus
516 1688 638 1712 decanus
659 1689 860 1718 olamucensis,
882 1690 945 1712 aule
966 1690 1040 1719 regie
1061 1690 1256 1716 cancellarius,
1279 1691 1340 1713 vice
1360 1691 1387 1712 et
1407 1691 1523 1714 nomine
1543 1690 1691 1714 reverendi
1710 1690 1738 1713 in
1762 1689 1878 1713 Christo
1892 1689 1982 1720 patris

144 1734 254 1758 domini
277 1733 400 1761 Cenaei,
421 1733 632 1765 archiepiscopi
654 1734 827 1765 maguntini,
847 1735 918 1757 sacri
941 1734 1055 1765 imperii
1077 1741 1124 1765 per
1145 1733 1324 1757 Germaniam
1346 1734 1600 1765 archicancellarii,
1617 1735 1780 1766 recognovi.

1651 1806 1717 1831 Ger.
1736 1805 1769 1829 de
1788 1805 1910 1828 Medlito

1771 1850 1805 1874 R.

231 1960 300 1992 169.
326 1959 427 2002 [219].
454 1979 489 1983 ——
517 1960 595 1992 Hoc
620 1967 671 1992 est
703 1961 896 2002 exemplum
927 1962 1103 1993 cuiusdam
1128 1961 1299 2004 privilegii
1324 1961 1532 1993 serenissimi
1565 1967 1598 1992 et
1621 1960 1824 1992 inclitissimi
1852 1959 1982 1992 domini

137 2013 269 2051 KaroH,
282 2013 346 2045 Dei
363 2014 479 2056 gracia
494 2014 730 2045 Romanorum
747 2015 839 2057 regis
853 2026 987 2055 semper
1003 2015 1139 2057 augusti
1152 2021 1185 2046 et
1209 2015 1352 2046 Boemie
1370 2015 1472 2055 regis,
1488 2014 1639 2046 roborati
1658 2014 1773 2053 sigillo
1791 2014 1864 2045 eius
1881 2022 1983 2045 cereo

137 2067 305 2109 pendenti
323 2067 366 2098 ad
385 2067 561 2099 cordulam
589 2067 739 2105 siricam,
765 2069 892 2100 coloris
917 2069 1073 2100 vidilicet
1097 2069 1227 2109 caniet
1250 2067 1358 2103 rubei,
1382 2068 1534 2100 habente
1552 2068 1586 2099 in
1605 2067 1734 2100 circulo
1752 2067 1811 2098 has
1835 2067 1981 2098 litteras:

141 2121 180 2162 ὦ
206 2120 358 2152 Karolus
374 2121 444 2152 Dei
461 2122 591 2163 gracia
616 2121 848 2153 Romanorum
872 2122 951 2154 Rex
973 2126 1108 2163 semper
1132 2127 1301 2163 augustus
1325 2127 1357 2152 et
1380 2121 1516 2152 Boc-mie
1532 2121 1621 2157 Rex,
1637 2121 1671 2151 in
1696 2131 1819 2161 campo
1840 2120 1983 2151 scultam

140 2173 323 2216 imaginem
348 2174 477 2214 prefati
503 2174 633 2206 domini
658 2173 779 2206 Karoli
803 2174 894 2213 regis
919 2184 1023 2214 supra
1047 2179 1148 2205 trono
1173 2172 1281 2213 regali
1306 2172 1470 2209 sedentis,
1487 2171 1522 2202 in
1539 2172 1654 2213 capite
1680 2171 1787 2213 regali
1813 2171 1985 2206 diadema,

139 2227 175 2258 in
199 2238 302 2258 manu
327 2227 448 2258 dextra
472 2233 647 2269 sceptrum
671 2237 746 2259 cum
774 2236 878 2258 cruce
904 2225 1121 2267 supraposita
1146 2232 1180 2257 et
1204 2225 1236 2257 in
1262 2225 1400 2257 sinistra
1424 2235 1561 2266 pomum
1586 2225 1769 2256 rotundum
1787 2234 1863 2255 cum
1883 2232 1986 2254 cruce

140 2281 357 2322 supraposita
380 2280 549 2318 habentis,
575 2286 609 2312 et
639 2280 732 2311 iuxta
754 2285 891 2311 tronum
917 2291 935 2311 a
968 2279 1073 2311 latere
1107 2280 1227 2310 dextro
1252 2284 1324 2310 erat
1341 2284 1473 2309 scutum
1499 2288 1643 2319 parvum
1672 2289 1747 2309 cum
1778 2277 1892 2318 aquila
1922 2276 1984 2306 irn-

136 2333 262 2375 periali
285 2339 318 2365 et
343 2344 362 2364 a
386 2333 492 2365 latere
515 2333 652 2365 sinistro
678 2333 762 2364 dicti
787 2332 878 2364 troni
903 2339 976 2364 erat
1000 2332 1092 2364 aliud
1117 2338 1250 2363 scutum
1276 2342 1417 2373 parvum
1443 2341 1519 2362 cum
1546 2331 1645 2362 leone
1663 2330 1811 2362 habente
1837 2330 1982 2362 caudam

140 2386 359 2426 bifflrcatam,
384 2397 451 2418 non
476 2387 608 2424 aboliti,
632 2397 700 2417 non
728 2385 850 2426 abrasi,
873 2396 942 2417 non
968 2385 1164 2421 cancellati,
1189 2396 1252 2416 nec
1284 2384 1317 2415 in
1351 2384 1463 2425 aliqua
1497 2383 1546 2414 sui
1578 2391 1676 2425 parte
1700 2383 1826 2417 viciati,
1858 2382 1919 2415 sed
1950 2382 1983 2413 in

139 2440 233 2471 hunc
256 2440 394 2471 modum
417 2439 546 2481 scripti.

233 2557 282 2583 170
302 2550 383 2584 [2201.
405 2564 436 2569 -
456 2551 588 2581 Karolus,
607 2552 662 2576 Dei
681 2553 775 2583 gratia
794 2552 989 2576 Romanorum
1012 2557 1061 2575 rex
1075 2558 1182 2582 semper
1202 2552 1339 2582 augustus
1352 2552 1380 2574 et
1394 2549 1508 2573 Boemie
1528 2557 1584 2573 rex.
1621 2548 1738 2580 Regalis
1754 2549 1840 2572 ferula
1856 2548 1911 2572 sibi
1925 2548 1984 2571 sub-

144 2596 221 2620 ditos
240 2597 362 2620 maxime
382 2597 526 2627 obsequiis
546 2598 691 2627 graciosos
711 2598 834 2620 tractare
853 2596 934 2620 (lebet
955 2596 1105 2619 affectione
1126 2597 1242 2626 paterna
1263 2595 1445 2618 benemeritis
1465 2595 1570 2626 premia
1585 2594 1757 2618 conserendo
1777 2600 1878 2624 eosque
1897 2593 1984 2615 altius

144 2640 319 2669 extollendo,
339 2642 369 2664 ut
388 2641 543 2672 gloriosius
564 2642 659 2665 vivere
679 2642 857 2672 perseverent
882 2641 1007 2671 adeoque
1034 2641 1164 2663 nitantur
1188 2640 1326 2662 virtutum
1352 2645 1468 2669 pergere
1490 2640 1593 2661 rectum
1621 2638 1729 2665 callem,
1748 2637 1822 2668 quod
1845 2638 1985 2660 merentur

143 2687 286 2716 tamquam
307 2686 445 2709 fructuosi
466 2685 594 2717 palmitis
613 2687 641 2709 et
654 2686 760 2716 regalis
774 2685 908 2708 culminis
923 2686 949 2708 et
963 2685 1057 2716 gracie
1078 2684 1205 2715 pomerio
1220 2683 1439 2714 transplantari,
1456 2683 1619 2713 fructusque
1633 2683 1792 2714 producant
1812 2682 1905 2705 suavis
1919 2681 1986 2704 odo-

144 2730 190 2757 ris,
208 2737 326 2762 parsque
341 2731 469 2761 corporis
484 2731 572 2761 ipsius
593 2731 740 2753 censeatur
754 2730 807 2753 sibi
823 2731 973 2753 commissa
988 2736 1035 2760 per
1049 2730 1108 2752 eius
1123 2727 1232 2751 culmen
1248 2727 1397 2755 excelsum,
1415 2727 1455 2750 sic
1475 2727 1636 2758 prudenter,
1650 2728 1690 2750 sic
1705 2728 1821 2753 attente,
1834 2726 1874 2749 sic
1894 2726 1985 2749 racio-

145 2773 281 2797 nabiliter
300 2774 498 2805 gubernantes,
518 2774 591 2805 quod
609 2775 698 2806 ipsius
714 2773 818 2805 regalis
832 2773 1013 2796 celsitudinis
1035 2772 1174 2797 maiestas,
1194 2778 1245 2801 que
1266 2771 1340 2794 circa
1361 2771 1453 2793 tocius
1468 2777 1549 2793 curas
1562 2770 1718 2801 reipublice
1736 2771 1871 2800 occupata
1889 2769 1986 2798 nequit

147 2818 268 2849 singulis
288 2819 432 2847 interesse,
453 2818 529 2842 vices
549 2818 643 2842 debite
665 2819 859 2850 representent
880 2818 912 2841 ad
933 2817 993 2840 eius
1013 2815 1291 2844 ‹le‹-0ren1‚etdecus
1312 2815 1460 2845 locumque
1479 2816 1595 2838 teneant
1610 2814 1759 2845 regiminis
1776 2813 1888 2837 iusticie
1909 2819 1987 2844 regu-

146 2862 222 2893 laris,
244 2862 337 2894 palam
359 2864 423 2886 ante
443 2863 541 2886 omnia
562 2871 609 2886 ora
630 2864 776 2886 versantes
797 2862 825 2884 in
848 2869 894 2885 sue
909 2861 1105 2884 villicationis
1122 2861 1149 2883 et
1169 2859 1389 2889 gubernacionis
1411 2859 1525 2882 racione
1545 2858 1694 2883 reddenda.
1715 2858 1789 2881 alios
1809 2865 1864 2880 non
1887 2864 1987 2888 paven-

145 2907 195 2936 tes,
216 2905 380 2936 cunctisque
399 2907 458 2929 eius
479 2905 620 2929 mandatis
640 2906 835 2936 obtemperent
856 2904 950 2927 celesti
973 2903 1090 2927 oraculo
1111 2902 1214 2925 moniti
1237 2901 1451 2933 apostolicaque
1465 2901 1605 2924 doctriua.
1646 2899 1787 2927 Quocirca
1809 2900 1909 2923 divina
1925 2900 1979 2923 vir-

145 2951 204 2973 tute
225 2949 319 2980 adepti
339 2949 532 2981 priucipatum
553 2951 579 2973 et
600 2951 724 2980 regimen
746 2949 901 2980 reipublice
922 2948 1055 2974 Romane,
1070 2954 1121 2977 que
1135 2947 1270 2970 universo
1285 2945 1346 2969 orbi
1362 2945 1444 2969 debet
1464 2952 1572 2976 preesse
1593 2946 1619 2968 et
1640 2946 1732 2976 ipsum
1753 2945 1890 2976 regulare,
1911 2945 1985 2967 circa

148 2994 272 3025 plurima
294 2994 384 3017 nostri
406 2994 485 3025 regni
507 2995 651 3025 ipsiusque
673 2993 828 3024 reipublice
849 3000 879 3016 ac
901 2992 1090 3015 subiectorum
1113 2990 1259 3013 commoda
1281 2991 1420 3020 occupati,
1443 2991 1536 3020 sicque
1561 2997 1617 3013 non
1644 2997 1792 3021 possumus
1819 2989 1852 3012 ad
1874 2989 1986 3020 singula

150 3038 273 3070 dirigere
294 3039 414 3062 mentem
436 3039 558 3062 nostram
579 3044 611 3061 ac
631 3045 679 3069 per
699 3037 751 3061 hoc
773 3037 855 3060 nobis
876 3035 1030 3067 expediant
1050 3035 1106 3059 viri
1126 3035 1291 3067 pendentes,
1313 3034 1360 3065 qui
1383 3034 1529 3057 nobiscum
1547 3035 1574 3058 in
1597 3035 1694 3057 nostro
1716 3035 1852 3065 regimine
1867 3033 1982 3066 parthi-
