2422 3684
419 260 463 295 94
770 257 940 293 GESTA
971 255 1271 291 MAGNIFICA
1301 254 1488 290 DOMUS
1517 253 1901 290 CARRARIENSIS

731 388 870 420 REDAZ.
895 386 927 418 A

494 461 568 491 220.
596 477 635 481 —-
659 458 860 490 Lodovicus
884 457 963 489 dela
991 457 1095 492 Tore,
1120 454 1251 496 aquile-

405 513 520 556 gensis
544 512 753 553 patriarcha,
778 511 973 542 necessario
998 509 1129 540 habens
1154 508 1248 548 loqui

408 578 483 597 cum
509 566 647 607 preside
664 571 789 606 patavo
805 575 907 605 super
923 563 1104 604 aliquibuffi
1124 572 1189 602 que
1207 560 1250 591 ab

406 621 481 661 ipso
507 619 657 660 petierat
681 618 841 649 dominus
860 617 1004 657 legatus,
1023 615 1064 645 de
1084 613 1251 645 Foroiulii

407 683 470 714 per
493 672 714 703 Tarvisinum
740 671 907 702 transiens
923 669 1129 700 Citadellam
1148 666 1251 703 venit,

408 736 474 768 quo
489 725 696 768 magnificus
714 723 871 754 dominus
891 722 1094 753 Franciscus
1108 719 1152 751 de
1169 720 1252 751 Car-

408 780 500 810 raria
525 789 601 810 eum
634 778 797 809 nobilium
830 777 1011 807 multorum
1045 782 1078 805 et
1107 775 1249 805 aliorum

409 835 591 866 multorum
609 833 782 869 comitiva,
801 830 1006 862 necessariis
1022 828 1180 860 omnibus
1194 838 1251 858 an-

409 894 442 919 te
467 886 654 928 premissis,
677 885 743 915 iam
764 890 921 915 venerat:
948 882 1134 923 habitoque
1152 881 1251 911 simul

409 940 584 982 colloquio
609 944 643 970 et
667 938 844 970 celebrato
863 936 1022 968 convivio
1040 936 1083 966 ad
1100 934 1251 965 invicem

410 994 654 1025 discesserunt.
686 992 729 1022 Et
746 991 903 1032 predicta
925 990 1062 1020 suerunt
1080 989 1122 1019 de
1136 997 1252 1017 mense

410 1046 539 1078 marcii.

498 1259 572 1288 221.
597 1275 641 1279 —
664 1256 739 1288 Hac
756 1261 956 1296 tempestate
973 1253 1175 1295 magnificus
1192 1253 1253 1284 do-

410 1312 520 1342 minus
546 1310 752 1342 Franciscus
776 1309 819 1339 de
845 1308 1003 1340 Carraria
1036 1307 1116 1338 duci
1142 1305 1253 1337 Fede-

411 1365 483 1396 rico
508 1365 549 1396 de
576 1363 827 1403 Stobembergo
855 1371 994 1393 uxorem
1021 1360 1119 1392 dedit
1145 1359 1254 1390 domi-

410 1429 487 1448 nam
513 1416 760 1451 Carraresiam,
791 1415 853 1446 sini
887 1426 928 1446 ex
961 1420 1056 1455 patre
1089 1423 1254 1448 sororem,

411 1470 560 1503 dominis
583 1476 695 1500 autem
722 1468 890 1499 Marsilio.
918 1467 1066 1499 Nicolao
1091 1473 1126 1498 et
1143 1466 1255 1497 Uber-

411 1525 482 1556 tino
515 1535 556 1554 ex
587 1530 732 1564 utroque
766 1528 919 1563 parente,
956 1522 1013 1562 qui
1049 1531 1126 1550 cum
1158 1519 1256 1561 equis

413 1584 547 1608 centum
572 1576 824 1618 quinquaginta
850 1575 1002 1606 Paduam
1021 1573 1177 1604 accessit.
1215 1572 1254 1603 In

412 1630 534 1672 quibus
550 1630 686 1670 nupciis
704 1628 826 1659 civitas
843 1634 914 1658 tota
940 1627 1104 1659 confluxit
1121 1626 1255 1667 fuitque

412 1684 626 1715 dominarum
652 1682 801 1713 omnium
828 1687 860 1711 et
885 1680 1050 1711 nobilium
1071 1679 1190 1710 Padue
1208 1679 1257 1709 vi-

411 1747 525 1768 rorum
555 1737 586 1766 in
604 1734 834 1766 anterioribus
851 1734 1000 1775 podiolis
1018 1732 1144 1764 vetusti
1163 1732 1256 1773 pala-

413 1790 457 1821 cii
475 1789 750 1821 Carrariensium
769 1787 962 1828 nuptiarum
979 1786 1179 1818 sollennitas
1199 1796 1256 1816 ce-

413 1842 554 1874 lebrata.
602 1842 644 1873 Et
667 1841 826 1882 predicta
850 1840 990 1871 fuerunt
1014 1838 1094 1869 *‘**.

503 1951 577 1980 222.
599 1970 633 1973 -
654 1947 867 1989 Spectabilis
885 1948 982 1977 miles
1000 1946 1157 1978 dominus
1173 1944 1253 1977 Tol-

414 2004 531 2035 bertus
555 2002 596 2034 de
623 2002 737 2037 Prata,
765 2011 948 2043 germanus
979 2000 1257 2040 consanguineus

415 2056 585 2098 magnifici
613 2054 742 2086 domini
762 2053 891 2085 domini
910 2052 1089 2084 Francisci
1115 2052 1259 2082 senioris

415 2110 458 2141 de
483 2107 656 2145 Carraria,
679 2107 724 2138 ad
749 2106 999 2148 propulsandas
1028 2105 1169 2137 iniurias
1201 2115 1259 2136 00-

414 2169 608 2204 gnatorum‚
634 2171 718 2201 quas
743 2170 801 2190 eos
825 2159 887 2189 sibi
918 2168 1039 2199 parare
1067 2158 1153 2188 velle
1171 2157 1259 2189 didi-

415 2222 519 2253 cerat,
544 2214 716 2255 requisitis
743 2225 763 2244 a
792 2212 951 2253 predicto
980 2211 1165 2253 magnifico
1198 2211 1259 2242 do-

415 2269 506 2299 mino
530 2267 691 2309 gentibus
715 2266 904 2307 armigeris,
929 2266 1019 2306 ipsas
1044 2265 1179 2295 Pratam
1213 2263 1258 2294 ad

414 2332 449 2352 se
467 2325 694 2352 contraxerat.
727 2318 832 2355 Quod
847 2318 1041 2349 sencientes
1058 2318 1152 2348 cives
1170 2322 1259 2348 terre

416 2374 536 2405 sacilli
571 2379 604 2404 et
636 2372 834 2408 titubantes,
870 2381 912 2402 ne
947 2371 1021 2412 ipse
1060 2370 1260 2412 magnificus

415 2427 574 2458 (lominus
598 2425 661 2456 sub
684 2425 774 2456 nube
800 2424 962 2455 novitatis
986 2423 1118 2465 aliquid
1141 2424 1177 2454 in
1202 2432 1260 2453 eo-

414 2492 489 2512 rum
507 2479 645 2511 civitate
664 2478 852 2517 moliretur,
870 2487 946 2508 cum
965 2477 1074 2508 eciam
1094 2477 1260 2518 precipue

416 2543 456 2565 eo
483 2533 574 2575 quod
599 2531 753 2563 dominus
778 2530 1004 2572 Fredriginus
1028 2529 1108 2561 dela
1137 2529 1260 2568 Turre,

415 2587 619 2627 capitaneus
635 2583 721 2615 dicti
738 2584 814 2616 loci.
833 2583 898 2624 ipsi
916 2583 1102 2625 magnifico
1121 2582 1260 2613 domino

416 2638 640 2670 amicissimus
653 2643 737 2675 erat,
751 2643 821 2668 tum
831 2637 941 2667 eciam
956 2637 1036 2678 quia
1049 2635 1260 2676 interipsum

415 2694 635 2734 capitaneum
660 2698 693 2722 et
716 2691 874 2722 homines
898 2698 989 2722 terre
1020 2688 1177 2732 aliqualis
1209 2687 1262 2719 di-

415 2745 552 2777 scordia
576 2750 649 2776 orta
674 2750 757 2779 erat,
772 2743 860 2774 adeo
885 2744 979 2784 quod
1003 2743 1165 2783 utrinque
1189 2751 1262 2772 mo-

416 2799 495 2829 dica
520 2799 604 2829 fides
628 2804 711 2833 erat,
734 2803 890 2838 pretacta
915 2796 1127 2827 Venetorum
1144 2794 1262 2826 volun-

418 2859 486 2883 tate
511 2858 545 2884 et
569 2852 656 2882 certi
680 2852 722 2882 de
748 2850 899 2882 subsidio
927 2850 1105 2891 promisso,
1137 2855 1262 2880 terram

418 2906 453 2935 in
487 2915 524 2936 se
558 2904 761 2945 suscipiunt,
793 2903 976 2944 capitaneo
1012 2913 1081 2934 non
1117 2901 1264 2942 amplius

510 3023 548 3040 12.
569 3017 746 3040 decesserunt
770 3017 802 3038 ,ll
820 3029 850 3032 —
870 3021 911 3045 25.
933 3014 1067 3046 podiolus
1089 3014 1124 3037 ΛΙ

1319 881 1356 910 10

1320 1144 1356 1175 15

1318 1465 1359 1494 20

1320 1729 1359 1760 25

1325 2579 1365 2609 40

1734 383 1875 416 Rmmz.
1898 382 1936 415 D

1496 456 1569 486 220.
1607 473 1645 478 -
1680 455 1861 497 Lodovigo
1901 453 1993 485 della
2028 453 2152 492 Torre,
2191 464 2252 495 pa-

1408 507 1532 539 triarca
1556 508 1598 539 de
1630 508 1768 551 Agolia,
1801 506 1974 539 habiando
2009 507 2052 538 de
2081 507 2250 538 necessita

1411 561 1525 601 parlar
1550 561 1604 592 001
1637 561 1819 602 magnifico
1843 561 1961 602 signor
1987 559 2113 590 mesier
2143 560 2250 591 Fran-

1411 624 1513 646 cesco
1538 615 1582 646 da
1598 614 1746 646 Carrara
1762 625 1823 656 per
1840 615 1965 656 algune
1983 623 2075 649 cose,
2099 612 2164 644 che
2183 622 2251 643 me-

1410 667 1478 697 3101-
1495 667 1526 698 10
1548 667 1660 710 legato
1685 667 1903 699 domandava
1927 667 1971 697 da
1989 665 2067 703 ello,
2085 666 2127 696 de
2145 665 2251 697 Frioli

1412 720 1581 760 passando
1617 731 1678 762 per
1713 720 1744 752 lo
1775 719 1935 751 Trivisan
1969 729 2078 750 venne
2110 729 2130 749 a
2154 718 2251 750 Cita-

1411 773 1512 804 della.
1544 773 1588 804 Al
1613 774 1692 816 qual
1715 774 1819 816 luogo
1843 773 1874 804 el
1891 772 2050 814 predicto
2066 771 2250 813 magnifico

1411 827 1534 857 mesier
1561 827 1766 867 Francesco,
1792 826 2055 867 acompagnado
2081 825 2123 856 de
2153 824 2251 856 molti

1412 879 1518 911 nobili
1543 886 1577 911 et
1601 880 1687 911 altra
1711 885 1825 922 gente,
1843 890 1901 910 era
1918 879 1956 921 ,οὲ
1972 878 2134 920 vignudo,
2159 888 2252 908 man-

1412 932 1501 964 dade
1526 933 1635 974 prima
1659 938 1745 964 tutte
1769 933 1801 964 10
1819 943 1898 964 0030
1916 931 2122 968 necessarie,
2140 936 2174 961 et
2190 931 2251 961 ha-

1412 984 1538 1017 biando
1564 986 1655 1017 habu
1678 987 1902 1027 parlamento‚
1927 985 2087 1016 eciandio
2104 984 2251 1015 disnado

1410 1038 1594 1077 insembre,
1610 1039 1619 1068 i
1636 1039 1783 1080 predicti
1800 1049 1835 1070 se
1854 1037 1942 1080 parti
1961 1038 2017 1069 dal
2035 1037 2130 1068 dicto
2146 1036 2250 1078 luogo

1413 1097 1446 1122 et
1471 1092 1570 1123 torni)
1595 1093 1745 1135 caschun
1776 1103 1796 1123 a
1827 1101 1914 1123 casa.
1963 1091 2006 1122 Et
2038 1091 2075 1122 fo
2107 1090 2139 1121 le
2173 1100 2251 1131 pre—

1412 1145 1484 1176 dite
1509 1155 1589 1176 cose
1615 1145 1670 1176 del
1694 1155 1786 1176 mese
1811 1145 1854 1176 de
1880 1154 2004 1187 marco.

1503 1943 1577 1973 222.
1601 1960 1644 1965 —
1667 1942 1706 1973 El
1730 1943 1906 1983 spectabo!
1933 1943 2104 1975 cavaliero
2129 1943 2252 1974 mesier

1414 1996 1584 2028 Tolberto
1609 1997 1653 2028 da
1676 1996 1790 2033 Prata,
1813 2008 1956 2039 german
1981 1997 2075 2029 cosin
2100 1997 2156 2028 del
2184 2008 2251 2028 rna-

1414 2050 1539 2092 gnitico
1552 2050 1668 2092 signor
1680 2050 1802 2081 mesier
1820 2050 2016 2082 Francesco
2035 2052 2078 2081 da
2095 2050 2253 2087 Carrara,

1416 2114 1476 2145 per
1500 2102 1617 2135 obviat
1639 2113 1659 2133 a
1690 2102 1846 2143 l’insidie,
1873 2104 1902 2134 le
1927 2104 2028 2145 quale
2053 2104 2120 2134 ello
2146 2104 2253 2134 havea

1415 2156 1501 2188 senti
1515 2156 1578 2187 che
1593 2156 1603 2186 i
1617 2166 1654 2187 so
1668 2156 1803 2197 parenti
1817 2156 1848 2188 ie
1866 2157 2108 2197 aparecffiaw,
2126 2156 2254 2198 requiri

1416 2215 1518 2252 gente
1535 2210 1591 2240 dal
1609 2209 1766 2250 predicto
1784 2209 1967 2251 magnifico
1992 2210 2110 2251 signor
2127 2209 2253 2240 mesier

1417 2263 1623 2302 Francesco,
1648 2262 1679 2293 le
1705 2262 1785 2303 qual
1807 2268 1909 2305 gente
1942 2262 2089 2302 habude,
2123 2263 2189 2294 0110
2221 2263 2254 2294 10

1417 2316 1584 2348 condusse
1608 2325 1627 2345 a
1652 2314 1765 2346 Prata.
1796 2315 1856 2346 Ma
1873 2315 1880 2344 i
1899 2315 2039 2347 citadini
2057 2315 2148 2348 della
2165 2322 2254 2347 terra

1417 2369 1459 2400 de
1492 2368 1617 2406 Saone,
1648 2368 1816 2400 sentando
1849 2375 1969 2410 questo
2001 2375 2035 2400 et
2065 2368 2254 2400 dubitando

1417 2422 1504 2455 che’l
1517 2422 1674 2462 predicto
1687 2422 1868 2464 magnifico
1882 2422 1998 2464 signor
2011 2422 2135 2453 mesier
2148 2422 2253 2453 Fran-

1419 2485 1520 2507 cesco
1544 2479 1634 2506 sotto
1659 2480 1778 2516 questo
1802 2474 1917 2506 colore
1943 2485 1986 2506 no
2011 2475 2192 2507 cerchasse
2209 2475 2254 2506 de

1418 2529 1471 2560 far
1494 2526 1610 2559 novitii
1634 2538 1676 2558 en
1700 2527 1733 2558 la
1757 2537 1793 2557 so
1818 2535 1920 2564 terra,
1946 2534 1980 2559 et
2005 2528 2254 2569 specialmente

1418 2578 1546 2620 perch'e
1571 2579 1580 2610 i
1605 2588 1717 2616 savea,
1743 2578 1805 2609 che
1831 2579 1954 2610 mesier
1980 2578 2143 2620 Fedrigin
2161 2578 2254 2610 dalla

1418 2630 1540 2668 Torre,
1564 2629 1737 2670 capitanio
1762 2630 1818 2661 del
1844 2629 1941 2661 dicto
1959 2630 2071 2672 luogo,
2089 2641 2147 2660 era
2171 2629 2254 2661 ami-

1418 2683 1554 2724 gissimo
1578 2681 1635 2712 del
1659 2682 1745 2714 ditto
1770 2683 1887 2724 signor
1910 2693 2022 2714 meser
2046 2682 2256 2718 Franceseo,

1417 2735 1445 2766 si
1469 2733 1628 2766 eciaudio
1653 2735 1783 2776 perche
1811 2742 1861 2766 tra
1893 2735 1914 2766 ’1
1952 2736 2047 2766 dicto
2083 2735 2256 2776 capitanio

1419 2794 1451 2818 et
1474 2789 1486 2818 i
1510 2787 1639 2818 homini
1665 2787 1756 2818 della
1779 2794 1872 2819 terra
1896 2798 1954 2818 era
1978 2788 2103 2830 alguna
2128 2788 2255 2819 discor-

1418 2843 1474 2873 dia
1498 2847 1531 2872 et
1555 2846 1659 2877 tanta,
1684 2840 1749 2872 che
1775 2851 1843 2872 una
1871 2848 1968 2882 parte
2000 2851 2044 2872 no
2075 2851 2111 2871 se
2144 2841 2257 2872 fidava

1420 2893 1600 2931 dell’altra,
1619 2894 1694 2934 anci
1709 2904 1769 2935 per
1784 2893 1887 2936 quelli
1905 2894 1997 2926 della
2011 2901 2102 2925 terra
2116 2894 2258 2926 cercha-
