2422 3684
432 270 501 304 116
768 268 942 304 GESTA
969 267 1272 304 MAGNIFICA
1301 266 1488 301 DOMUS
1523 264 1910 300 CARRARIENSIS

745 401 885 432 REDAz.
911 399 942 431 A

422 473 558 505 Belluni
583 473 699 515 aliqua
722 478 816 504 ratus
843 478 895 504 est
910 473 1101 503 inhonesta.
1143 471 1264 502 Traxit

423 528 513 559 enim
538 539 573 558 se
599 526 791 564 Bellunum,
818 527 871 558 cui
898 537 959 567 pro
984 526 1056 565 ipso
1077 524 1262 567 magnifico

423 580 562 612 domino
586 580 682 612 miles
705 579 882 611 Gerardus
907 579 949 610 de
974 578 1092 620 Nigris
1115 583 1264 618 preerat,

423 644 521 665 socer
544 634 650 674 ipsius
673 633 802 664 domini
826 631 995 667 Tulberti,
1019 637 1054 661 ut
1070 631 1181 671 ipsum
1198 637 1266 661 ter-

422 698 493 718 ram
509 687 552 718 de
570 687 707 717 dicione
730 685 835 726 ipsius
852 684 981 715 domini
999 691 1151 725 ereptam
1169 683 1266 714 ducis

421 741 528 782 ipsius
552 739 784 770 summicteret
801 737 972 779 potestati.
1003 736 1074 768 Ubi
1089 747 1152 777 per
1169 746 1266 767 soce-

421 804 495 824 rum
520 798 641 833 captus
666 792 709 822 de
740 791 902 821 mandato
934 789 1041 830 ipsius
1072 788 1201 819 domini
1233 794 1268 820 et

422 846 576 878 Paduam
599 845 733 884 ductus,
757 843 894 874 demum
918 841 1128 874 Castribaldi
1150 852 1268 874 carce-

424 911 498 930 rum
522 898 679 930 custodie
703 896 848 928 traditus
870 901 930 927 est.

513 1006 585 1035 242.
601 1022 645 1026 -
660 1003 736 1034 Hoc
755 1009 909 1043 tempore
927 1011 1003 1032 cum
1028 1001 1140 1033 celica
1163 1001 1268 1043 pestis

424 1059 567 1092 Pisanos
591 1057 810 1100 opprimeret,
835 1054 923 1087 adeo
949 1061 984 1086 ut
1007 1055 1160 1097 ipsorum
1185 1060 1268 1085 nutu

425 1113 514 1144 intus
531 1118 589 1143 aut
605 1118 702 1141 extra
718 1110 773 1140 vix
793 1119 872 1149 spes
895 1114 1040 1139 restaret
1058 1108 1127 1139 ulla
1142 1106 1268 1139 salutis,

427 1164 615 1196 Florentini
639 1169 868 1203 receptarum,
893 1167 930 1192 ut
963 1160 1172 1201 asserebant,
1201 1170 1269 1191 non

426 1218 642 1248 immemores
665 1215 893 1252 iniuriarium,
918 1215 1138 1257 congregatis
1168 1214 1268 1245 undi-

427 1284 493 1315 que
510 1273 661 1314 gentium
680 1271 799 1312 copiis,
816 1271 967 1311 ipsorum
987 1269 1189 1300 Pisanorum
1203 1274 1270 1299 ter-

427 1327 581 1358 ritorium
618 1325 797 1361 invadunt,
838 1324 906 1357 ubi.
949 1324 1070 1355 castris
1109 1328 1143 1354 et
1181 1322 1270 1353 villis

428 1380 535 1421 prede
560 1378 735 1420 expositis,
752 1377 880 1408 deinde
902 1377 1062 1408 obsident
1086 1376 1270 1407 civitatem.

427 1432 484 1463 Ad
499 1442 641 1473 quorum
660 1442 780 1472 preces
797 1430 869 1471 ipse
889 1430 1097 1472 magnificus
1113 1429 1272 1460 dominus

428 1486 632 1518 Franciseus
655 1485 697 1516 de
714 1485 875 1517 Carraria
892 1496 967 1516 cum
987 1484 1106 1525 pulcra
1123 1488 1272 1513 armato-

427 1550 500 1570 rum
514 1539 686 1577 comitiva,
698 1539 910 1580 requisitum,
927 1549 990 1580 pro
1008 1539 1160 1579 ipsorum
1177 1535 1272 1577 capi-

427 1599 529 1624 taneo
568 1592 659 1623 misit
698 1592 840 1623 militem
881 1592 1058 1633 egregium
1098 1590 1271 1622 dominum

431 1647 648 1677 Bonisacium
662 1645 704 1676 de
721 1646 836 1686 Lupis,
855 1645 1008 1677 Soranee
1026 1643 1272 1680 marchionem,

430 1698 487 1730 ubi
511 1699 621 1740 primo
638 1699 725 1729 alius
742 1699 919 1739 prefuerat
937 1697 1149 1738 capitaneus,
1168 1695 1274 1727 domi-

428 1764 491 1783 nus
516 1752 681 1783 videlicet
705 1752 828 1783 Petrus
852 1753 894 1784 de
917 1753 1080 1789 Farneto,
1103 1751 1154 1782 vir
1173 1750 1275 1781 armis

430 1812 599 1843 strenuus,
628 1806 674 1836 uti
706 1812 802 1848 gesta
834 1807 906 1836 eius
936 1811 1137 1836 atestautur.
1185 1803 1272 1835 Nam

430 1860 493 1891 sub
518 1860 626 1900 ipsius
651 1860 755 1890 ductu
780 1869 888 1900 usque
914 1859 958 1890 ad
984 1859 1101 1889 ianuas
1133 1858 1275 1889 Pisano-

430 1924 503 1943 rum
530 1922 664 1943 cursum
689 1913 730 1943 ab
758 1913 908 1943 bravium
934 1917 995 1949 est,
1008 1911 1123 1952 ibique
1141 1912 1274 1951 sculpta

432 1972 580 2002 moneta,
599 1971 632 1996 et
655 1966 720 1996 alia
744 1966 873 1996 maiora
898 1965 1003 1995 multa
1027 1964 1118 1995 illata
1136 1964 1274 1994 fuerunt

432 2019 630 2059 opprobria.

432 2081 583 2102 servare.

678 2018 737 2050 Set
760 2019 917 2049 nesciunt
941 2018 1034 2049 vices
1058 2018 1177 2048 firmas
1204 2018 1275 2048 fata

628 2072 715 2102 Nam
741 2082 810 2102 non
836 2072 937 2113 longe
961 2077 1038 2112 post
1060 2070 1276 2102 Florentinos

432 2125 523 2155 intus
546 2131 579 2155 et
604 2131 699 2155 extra
715 2125 822 2165 pestis
844 2125 918 2166 ipsa
944 2124 1123 2165 percussit.
1170 2122 1276 2160 Quod

433 2177 548 2208 Pisani
572 2178 738 2214 videntes,
753 2184 872 2219 gentes
897 2177 1051 2220 anglicas
1067 2177 1125 2208 diu
1146 2177 1208 2208 sub
1225 2187 1277 2207 so-

434 2232 513 2263 ciali
531 2232 667 2262 nomine
680 2238 829 2262 versatas
843 2231 1023 2272 plurimum
1041 2231 1145 2261 armis
1157 2240 1278 2271 exper-

435 2292 486 2316 tas
503 2285 547 2315 ad
565 2285 712 2325 ipsorum
732 2284 932 2315 conduxere
949 2283 1130 2324 stipendia,
1147 2289 1182 2314 et
1200 2294 1277 2314 cum

436 2339 485 2368 eis
501 2338 660 2369 comitem
678 2337 847 2374 Landum,
863 2343 943 2368 tunc
962 2348 1038 2367 cum
1056 2337 1194 2368 domino
1210 2336 1278 2368 Ga-

438 2391 523 2421 leam
545 2389 792 2421 vicecomitem
811 2390 1022 2420 militantem.
1053 2388 1138 2420 Cum
1157 2389 1280 2431 quibus

439 2444 598 2485 gentibus
622 2455 699 2475 mox
722 2443 927 2474 territorium
944 2443 1114 2475 invadunt
1138 2443 1280 2475 Floren-

440 2497 597 2535 tinorum,
621 2497 678 2528 ubi
703 2497 897 2528 animalium
916 2497 1042 2538 predas
1056 2503 1089 2527 et
1105 2496 1278 2527 hominum

440 2557 570 2593 strages
607 2550 831 2582 commictunt
860 2550 1068 2587 innumeras,
1102 2550 1280 2591 ipsamque

441 2610 571 2634 armato
594 2603 701 2634 milite
729 2614 808 2634 mox
840 2604 981 2645 cingunt
1003 2603 1175 2634 civitatem
1201 2602 1282 2633 alia-

441 2667 506 2698 que
531 2657 669 2696 maiora,
695 2668 795 2698 quam
827 2663 1041 2697 receperant,
1074 2655 1281 2688 Florentinis

440 2710 594 2741 inferunt
611 2710 795 2742 dedecora.
841 2711 928 2742 Nam
954 2717 1033 2742 ante
1057 2716 1174 2752 portas
1191 2708 1282 2740 curri

442 2763 574 2794 faciunt
597 2763 641 2794 ad
665 2763 829 2800 bravium,
853 2770 1025 2795 monetam
1056 2763 1217 2804 sculpunt
1247 2767 1282 2792 et

443 2816 568 2846 multos
592 2816 717 2847 milicie
741 2816 909 2848 decorant
932 2816 1153 2854 ornamentis,
1180 2815 1282 2847 adeo-

443 2880 509 2911 que
532 2870 624 2911 ipsos
644 2870 818 2912 infestant,
836 2872 929 2913 quod
944 2871 1093 2903 exeundi
1106 2869 1281 2901 civitatem

1334 890 1372 921 10

1337 1214 1372 1244 15

1334 1479 1375 1509 20

1338 1745 1377 1775 25

1339 2011 1379 2041 30

1342 2275 1381 2306 35

1345 2540 1385 2570 40

1345 2804 1384 2836 45

1739 397 1880 428 REDAZ.
1904 395 1941 428 D

1421 467 1706 499 comandamento
1730 467 1785 499 del
1811 467 1904 499 dicto
1927 464 2110 508 magnifico
2133 464 2259 506 signor,

1422 521 1458 552 fo
1481 520 1653 552 mandado
1676 532 1696 552 a
1719 521 1812 552 Pava
1836 527 1870 551 et
1894 521 1937 551 da
1961 519 2055 549 Pava
2079 517 2134 558 po'
2166 527 2260 548 man-

1423 573 1514 606 dado
1537 575 1573 605 in
1600 575 1716 616 prison
1740 585 1759 605 a
1783 571 2017 605 Castelbaldo.

1516 1000 1589 1030 242.
1626 1017 1665 1021 —
1698 998 1750 1029 En
1784 1004 1904 1040 questo
1935 1003 2049 1038 tempo
2078 996 2199 1028 siando
2231 996 2266 1027 la

1427 1051 1627 1093 pestilencia
1654 1062 1674 1082 a
1697 1052 1777 1084 Pisa
1801 1052 1827 1082 si
1843 1051 1975 1093 grande
1994 1050 2058 1081 che
2077 1050 2200 1081 dentro
2219 1049 2263 1080 ne

1428 1105 1472 1136 de
1497 1105 1595 1136 fuora
1618 1105 1719 1136 nisun
1743 1114 1779 1136 se
1803 1104 1912 1146 tignia
1935 1113 2070 1145 seguro,
2091 1101 2262 1133 iFioren—

1428 1158 1501 1195 tini,
1525 1168 1622 1190 como
1646 1158 1657 1188 i
1681 1158 1786 1196 disea,
1810 1167 1854 1188 no
1882 1167 1918 1187 se
1950 1155 2120 1187 habiando
2151 1165 2265 1187 smen-

1429 1211 1508 1253 tego
1533 1212 1564 1241 le
1587 1212 1728 1253 incurie,
1753 1210 1817 1241 che
1842 1209 1900 1241 elli
1925 1209 2034 1240 havea
2056 1209 2185 1240 recevu
2210 1209 2266 1239 dai

1431 1263 1515 1295 dicti
1538 1262 1664 1300 Pisani,
1687 1262 1854 1294 asoldado
1872 1263 1915 1294 da
1933 1262 2014 1304 ogni
2038 1267 2135 1302 parte
2148 1256 2266 1304 gente,

1429 1317 1536 1348 asalto
1561 1317 1592 1348 el
1617 1321 1730 1348 terren
1755 1316 1789 1348 di
1821 1316 1905 1347 dicti
1937 1315 2064 1351 Pisani,
2089 1320 2122 1346 et
2145 1315 2267 1356 prima,

1430 1370 1532 1402 brusa
1557 1376 1591 1401 et
1614 1370 1722 1401 mettii
1746 1380 1765 1401 a
1789 1369 1896 1411 preda
1919 1375 2013 1400 tucto
2037 1369 2069 1399 el
2087 1368 2182 1399 dicto
2199 1374 2266 1399 ter-

1430 1434 1502 1465 ren,
1527 1423 1584 1455 elli
1609 1434 1692 1465 pose
1716 1433 1840 1464 campo
1864 1422 1931 1453 alla
1955 1429 2057 1454 terra.
2095 1421 2172 1453 Alle
2190 1431 2266 1463 pre-

1429 1478 1547 1519 ghiere
1572 1477 1605 1509 di
1625 1478 1718 1519 quali
1742 1477 1773 1508 el
1796 1477 1980 1520 magnifico
2004 1477 2123 1518 signor
2146 1475 2269 1506 mesier

1431 1531 1624 1562 Francesco
1648 1531 1693 1561 da
1715 1529 1860 1562 Carrara
1884 1529 2010 1560 mando
2033 1539 2095 1570 per
2118 1539 2156 1560 so
2175 1528 2270 1570 capi-

1431 1585 1524 1615 tanio
1550 1584 1580 1615 el
1604 1583 1774 1615 cavaliero
1800 1582 1944 1625 egregio
1971 1583 2096 1613 mesier
2127 1581 2269 1613 Bonifa-

1432 1638 1486 1669 cio
1509 1636 1617 1675 Lovo,
1639 1635 1773 1668 benche
1797 1635 2017 1668 domandado
2038 1636 2081 1666 da
2105 1635 2191 1672 loro,
2204 1644 2276 1670 con,

1432 1690 1524 1721 bella
1549 1690 1742 1732 compagnia
1768 1690 1811 1722 de
1836 1694 1949 1731 gente,
1978 1688 2080 1731 manci
2103 1688 2135 1719 al
2167 1687 2268 1729 quale

1434 1754 1492 1774 era
1526 1750 1578 1775 sta
1608 1743 1782 1784 capitanio
1814 1743 1869 1774 dei
1894 1742 1981 1774 dicti
2015 1741 2203 1773 Fiorentini
2237 1741 2270 1771 el

1433 1798 1630 1828 cliavaliero
1653 1796 1794 1838 egregio
1823 1797 1947 1827 mesier
1978 1795 2080 1826 Piero
2102 1794 2158 1826 dal
2187 1795 2271 1826 Far-

1434 1856 1523 1889 neto,
1548 1851 1648 1882 homo
1673 1849 1796 1881 d’assai
1821 1849 1875 1880 nel
1899 1849 1987 1880 fatto
2010 1849 2100 1880 delle
2118 1858 2222 1885 arme,
2239 1847 2271 1878 el

1434 1904 1525 1945 qual,
1550 1903 1637 1934 oltra
1653 1903 1663 1933 i
1680 1902 1757 1934 altri
1775 1903 1889 1934 damni
1911 1902 1957 1933 te'
1975 1902 2078 1933 molte
2096 1910 2270 1943 vergogne

1433 1967 1453 1986 a
1477 1955 1606 1987 Pisani.
1653 1955 1777 1992 Prima,
1801 1956 1901 1997 nanci
1927 1955 1956 1985 le
1974 1961 2072 1996 porte
2090 1954 2135 1986 fe'
2153 1963 2271 1985 correr

1435 2011 1466 2040 al
1490 2009 1595 2050 palio,
1627 2008 1672 2040 fe'
1703 2009 1833 2050 scolpir
1863 2009 2010 2040 moneda
2034 2015 2067 2039 et
2096 2008 2181 2038 altre
2213 2006 2272 2049 piu

1435 2073 1525 2095 cose.
1572 2061 1631 2093 Ma
1654 2073 1719 2104 pur
1741 2063 1774 2093 la
1791 2062 1930 2093 fortuna
1953 2072 1996 2093 no
2013 2072 2049 2092 sa
2065 2067 2134 2092 star
2150 2060 2271 2099 ferma,

1435 2117 1499 2147 che
1523 2117 1637 2157 pocho
1661 2116 1737 2147 drio
1756 2116 1786 2147 la
1803 2115 2005 2157 pestilencia
2029 2114 2135 2146 asalta
2159 2114 2168 2144 i
2194 2112 2273 2144 Fio-

1435 2170 1560 2200 rentini
1585 2170 1706 2200 dentro
1732 2175 1766 2200 et
1790 2169 1834 2200 de
1851 2169 1950 2199 §nora
1968 2178 2034 2199 con
2051 2173 2145 2198 tanta
2163 2167 2272 2209 forca,

1435 2223 1500 2254 che
1526 2222 1583 2253 elli
1605 2232 1650 2253 no
1683 2232 1784 2253 savea
1814 2222 1878 2252 che
1910 2232 1945 2252 se
1977 2221 2063 2252 fare.
2110 2220 2161 2252 La
2192 2219 2271 2262 qual

1437 2285 1515 2307 cosa
1540 2275 1693 2317 vecando
1718 2275 1727 2305 i
1757 2274 1884 2311 Pisani,
1906 2274 1962 2305 elli
1979 2274 2064 2306 tolse
2082 2285 2101 2304 a
2120 2283 2158 2305 so
2174 2272 2273 2304 soldo

1437 2329 1468 2359 la
1505 2328 1709 2370 compagnia
1744 2327 1980 2370 degl‘Ingilesi
2004 2333 2037 2358 et
2071 2337 2135 2359 con
2159 2326 2217 2358 elli
2241 2326 2273 2358 el

1437 2388 1537 2413 conte
1560 2381 1694 2419 Laudo,
1718 2381 1749 2412 el
1773 2382 1852 2424 qual
1877 2382 1985 2412 allora
2017 2390 2075 2412 era
2106 2390 2173 2412 con
2204 2390 2274 2410 me-

1438 2435 1505 2466 sier
1530 2435 1668 2472 Galeaz‚
1694 2441 1727 2466 et
1757 2445 1824 2466 con
1855 2441 1972 2476 queste
2004 2434 2145 2477 brigade
2177 2443 2274 2465 corse

1439 2495 1525 2520 tutto
1549 2489 1580 2520 el
1607 2495 1717 2520 terren
1744 2488 1941 2525 Fiorentim‚
1966 2489 2023 2529 poi
2047 2498 2129 2529 pose
2150 2496 2272 2528 campo

1438 2543 1575 2574 intorno
1599 2541 1630 2572 la
1654 2548 1755 2572 terra.
1803 2542 1845 2572 Et
1874 2551 1936 2582 per
1959 2541 2076 2572 simele
2109 2540 2210 2582 nauci
2240 2539 2274 2571 le

1439 2602 1537 2637 porte
1563 2596 1605 2626 de
1631 2595 1798 2637 Fiorenca
1825 2594 1872 2626 fe'
1897 2605 2015 2626 correr
2039 2594 2071 2624 al
2095 2593 2200 2635 palio,
2226 2592 2273 2625 fe'

1440 2649 1534 2680 bater
1558 2649 1704 2679 moneda
1729 2655 1762 2679 et
1786 2647 1881 2679 molti
1907 2648 1941 2679 di
1965 2648 2014 2679 soi
2039 2647 2123 2679 orno
2147 2647 2190 2678 de
2222 2657 2275 2678 or-

1440 2702 1526 2733 dene
1545 2702 1587 2733 de
1608 2701 1816 2737 chavalaria,
1842 2707 1876 2732 et
1899 2710 2063 2742 appresso
2087 2700 2097 2731 i
2115 2699 2232 2742 tegnia
2248 2699 2274 2730 sl

1438 2755 1567 2791 strecti‚
1582 2755 1646 2785 che
1663 2754 1761 2785 nisun
1778 2764 1882 2785 osai-a
1895 2755 1977 2784 insir
1994 2754 2085 2785 della
2102 2753 2178 2784 cita.
2208 2752 2275 2783 Per

1439 2807 1471 2838 la
1494 2808 1573 2849 qual
1598 2818 1677 2839 cosa
1698 2807 1884 2838 constrecti
1908 2807 1917 2837 i
1942 2806 2130 2838 Fiorentini
2149 2805 2274 2836 mando

1439 2872 1475 2893 so
1509 2861 1706 2893 ambaxaori
1737 2862 1770 2892 al
1800 2861 1984 2904 magnifico
2008 2863 2126 2904 signor
2153 2859 2276 2890 mesier

1532 3032 1570 3056 13·
1582 3025 1680 3055 dignia
1701 3026 1727 3048 P
1738 3038 1769 3042 ——
1781 3024 1823 3055 36.
1836 3031 1990 3056 compagna
2004 3025 2030 3048 P
2042 3037 2072 3040 —
2086 3031 2126 3055 4¹-
2141 3024 2275 3055 Florenqa

2419 2765 2422 2772 .
2414 2241 2422 2715 -n-——--——a——-—--=—
2416 2214 2418 2218 -
