<?xml version="1.0" encoding="UTF-8"?>
<!DOCTYPE html PUBLIC "-//W3C//DTD XHTML 1.0 Transitional//EN"
    "http://www.w3.org/TR/xhtml1/DTD/xhtml1-transitional.dtd">
<html xmlns="http://www.w3.org/1999/xhtml" xml:lang="en" lang="en">
 <head>
  <title>
</title>
<meta http-equiv="Content-Type" content="text/html;charset=utf-8" />
  <meta name='ocr-system' content='tesseract 3.04.00' />
  <meta name='ocr-capabilities' content='ocr_page ocr_carea ocr_par ocr_line ocrx_word'/>
</head>
<body>
  <div class='ocr_page' id='page_1' title='image "./p1f11rerumitalica17murauoft_0169.png"; bbox 0 0 2422 3684; ppageno 0'>
   <div class='ocr_carea' id='block_1_1' title="bbox 489 245 1965 286">
    <p class='ocr_par' dir='ltr' id='par_1_1' title="bbox 489 245 1965 286">
     <span class='ocr_line' id='line_1_1' title="bbox 489 245 1965 286; baseline 0.003 -5"><span class='ocrx_word' id='word_1_1' title='bbox 489 246 659 282; x_wconf 81' lang='lat' dir='ltr'>GESTA</span> <span class='ocrx_word' id='word_1_2' title='bbox 688 245 990 281; x_wconf 85' lang='lat' dir='ltr'><strong>MAGNIFICA</strong></span> <span class='ocrx_word' id='word_1_3' title='bbox 1020 246 1201 281; x_wconf 85' lang='lat' dir='ltr'><strong>DOMUS</strong></span> <span class='ocrx_word' id='word_1_4' title='bbox 1231 246 1618 282; x_wconf 71' lang='lat' dir='ltr'><strong>CARRARIENSJS</strong></span> <span class='ocrx_word' id='word_1_5' title='bbox 1919 246 1965 286; x_wconf 78' lang='lat'>97</span> 
     </span>
    </p>
   </div>
   <div class='ocr_carea' id='block_1_2' title="bbox 460 375 656 408">
    <p class='ocr_par' dir='ltr' id='par_1_2' title="bbox 460 375 656 408">
     <span class='ocr_line' id='line_1_2' title="bbox 460 375 656 408; baseline 0.005 -2"><span class='ocrx_word' id='word_1_6' title='bbox 460 376 598 408; x_wconf 64' lang='lat' dir='ltr'>Rsmz.</span> <span class='ocrx_word' id='word_1_7' title='bbox 625 375 656 407; x_wconf 86' lang='lat' dir='ltr'><strong><em>A</em></strong></span> 
     </span>
    </p>
   </div>
   <div class='ocr_carea' id='block_1_3' title="bbox 134 446 980 2886">
    <p class='ocr_par' dir='ltr' id='par_1_3' title="bbox 134 446 980 2886">
     <span class='ocr_line' id='line_1_3' title="bbox 135 446 980 489; baseline 0.001 -12"><span class='ocrx_word' id='word_1_8' title='bbox 135 457 200 489; x_wconf 87' lang='lat' dir='ltr'>que</span> <span class='ocrx_word' id='word_1_9' title='bbox 223 453 302 478; x_wconf 90' lang='lat' dir='ltr'>sunt</span> <span class='ocrx_word' id='word_1_10' title='bbox 325 447 494 487; x_wconf 87' lang='lat' dir='ltr'>Ecclesie,</span> <span class='ocrx_word' id='word_1_11' title='bbox 517 453 551 478; x_wconf 88' lang='lat' dir='ltr'>et</span> <span class='ocrx_word' id='word_1_12' title='bbox 573 446 632 478; x_wconf 85' lang='lat' dir='ltr'>ubi</span> <span class='ocrx_word' id='word_1_13' title='bbox 657 457 742 488; x_wconf 87' lang='lat' dir='ltr'>opus</span> <span class='ocrx_word' id='word_1_14' title='bbox 767 447 924 489; x_wconf 81' lang='lat' dir='ltr'>exigeret</span> <span class='ocrx_word' id='word_1_15' title='bbox 946 452 980 478; x_wconf 87' lang='lat' dir='ltr'>et</span> 
     </span>
     <span class='ocr_line' id='line_1_4' title="bbox 135 500 979 543; baseline 0 -12"><span class='ocrx_word' id='word_1_16' title='bbox 135 500 177 531; x_wconf 91' lang='lat' dir='ltr'>de</span> <span class='ocrx_word' id='word_1_17' title='bbox 201 500 352 541; x_wconf 86' lang='lat' dir='ltr'>ipsorum</span> <span class='ocrx_word' id='word_1_18' title='bbox 377 500 432 532; x_wconf 88' lang='lat' dir='ltr'>vel</span> <span class='ocrx_word' id='word_1_19' title='bbox 449 501 587 532; x_wconf 79' lang='lat' dir='ltr'>maioris</span> <span class='ocrx_word' id='word_1_20' title='bbox 606 501 714 542; x_wconf 86' lang='lat' dir='ltr'>partis</span> <span class='ocrx_word' id='word_1_21' title='bbox 738 501 979 543; x_wconf 85' lang='lat' dir='ltr'>colligatorum</span> 
     </span>
     <span class='ocr_line' id='line_1_5' title="bbox 136 553 979 595; baseline 0 -11"><span class='ocrx_word' id='word_1_22' title='bbox 136 554 302 584; x_wconf 89' lang='lat' dir='ltr'>concordi</span> <span class='ocrx_word' id='word_1_23' title='bbox 328 553 504 586; x_wconf 83' lang='lat' dir='ltr'>voluntate</span> <span class='ocrx_word' id='word_1_24' title='bbox 529 555 746 595; x_wconf 80' lang='lat' dir='ltr'>procederet,</span> <span class='ocrx_word' id='word_1_25' title='bbox 760 554 823 595; x_wconf 87' lang='lat' dir='ltr'>ipsi</span> <span class='ocrx_word' id='word_1_26' title='bbox 840 554 979 585; x_wconf 89' lang='lat' dir='ltr'>domino</span> 
     </span>
     <span class='ocr_line' id='line_1_6' title="bbox 135 606 978 648; baseline -0.001 -11"><span class='ocrx_word' id='word_1_27' title='bbox 135 606 333 638; x_wconf 82' lang='lat' dir='ltr'>Bernaboni</span> <span class='ocrx_word' id='word_1_28' title='bbox 363 607 613 638; x_wconf 87' lang='lat' dir='ltr'>inimicandum</span> <span class='ocrx_word' id='word_1_29' title='bbox 644 606 978 648; x_wconf 77' lang='lat' dir='ltr'>defendendumque</span> 
     </span>
     <span class='ocr_line' id='line_1_7' title="bbox 135 658 979 702; baseline 0 -12"><span class='ocrx_word' id='word_1_30' title='bbox 135 669 177 690; x_wconf 89' lang='lat' dir='ltr'>ac</span> <span class='ocrx_word' id='word_1_31' title='bbox 201 658 275 690; x_wconf 85' lang='lat' dir='ltr'>eius</span> <span class='ocrx_word' id='word_1_32' title='bbox 297 669 464 701; x_wconf 82' lang='lat' dir='ltr'>sequaces</span> <span class='ocrx_word' id='word_1_33' title='bbox 495 666 529 690; x_wconf 85' lang='lat' dir='ltr'>et</span> <span class='ocrx_word' id='word_1_34' title='bbox 560 659 764 691; x_wconf 79' lang='lat' dir='ltr'>adherentes</span> <span class='ocrx_word' id='word_1_35' title='bbox 795 669 903 702; x_wconf 87' lang='lat' dir='ltr'>usque</span> <span class='ocrx_word' id='word_1_36' title='bbox 934 660 979 690; x_wconf 86' lang='lat' dir='ltr'>ad</span> 
     </span>
     <span class='ocr_line' id='line_1_8' title="bbox 135 712 980 754; baseline 0.001 -12"><span class='ocrx_word' id='word_1_37' title='bbox 135 712 427 754; x_wconf 80' lang='lat' dir='ltr'>quinquennium3</span> <span class='ocrx_word' id='word_1_38' title='bbox 452 722 515 753; x_wconf 88' lang='lat' dir='ltr'>pro</span> <span class='ocrx_word' id='word_1_39' title='bbox 539 713 671 743; x_wconf 89' lang='lat' dir='ltr'>honore</span> <span class='ocrx_word' id='word_1_40' title='bbox 694 718 809 743; x_wconf 88' lang='lat' dir='ltr'>tamen</span> <span class='ocrx_word' id='word_1_41' title='bbox 833 723 894 744; x_wconf 92' lang='lat' dir='ltr'>suo</span> <span class='ocrx_word' id='word_1_42' title='bbox 920 713 980 743; x_wconf 93' lang='lat' dir='ltr'>de-</span> 
     </span>
     <span class='ocr_line' id='line_1_9' title="bbox 136 765 978 807; baseline 0.001 -11"><span class='ocrx_word' id='word_1_43' title='bbox 136 766 219 796; x_wconf 89' lang='lat' dir='ltr'>bere</span> <span class='ocrx_word' id='word_1_44' title='bbox 243 765 434 807; x_wconf 81' lang='lat' dir='ltr'>colligatos,</span> <span class='ocrx_word' id='word_1_45' title='bbox 447 771 630 807; x_wconf 85' lang='lat' dir='ltr'>antequam</span> <span class='ocrx_word' id='word_1_46' title='bbox 655 765 701 796; x_wconf 90' lang='lat' dir='ltr'>ad</span> <span class='ocrx_word' id='word_1_47' title='bbox 725 775 849 806; x_wconf 83' lang='lat' dir='ltr'>guerre</span> <span class='ocrx_word' id='word_1_48' title='bbox 863 772 978 797; x_wconf 87' lang='lat' dir='ltr'>actum</span> 
     </span>
     <span class='ocr_line' id='line_1_10' title="bbox 134 818 978 860; baseline 0.002 -12"><span class='ocrx_word' id='word_1_49' title='bbox 134 818 384 859; x_wconf 81' lang='lat' dir='ltr'>procederetur</span> <span class='ocrx_word' id='word_1_50' title='bbox 406 828 470 859; x_wconf 89' lang='lat' dir='ltr'>per</span> <span class='ocrx_word' id='word_1_51' title='bbox 493 818 733 860; x_wconf 69' lang='lat' dir='ltr'>aliquermhec</span> <span class='ocrx_word' id='word_1_52' title='bbox 757 818 821 859; x_wconf 88' lang='lat' dir='ltr'>ipsi</span> <span class='ocrx_word' id='word_1_53' title='bbox 839 818 978 850; x_wconf 90' lang='lat' dir='ltr'>domino</span> 
     </span>
     <span class='ocr_line' id='line_1_11' title="bbox 135 871 978 913; baseline 0 -10"><span class='ocrx_word' id='word_1_54' title='bbox 135 871 332 903; x_wconf 87' lang='lat' dir='ltr'>Bernaboni</span> <span class='ocrx_word' id='word_1_55' title='bbox 357 882 419 913; x_wconf 88' lang='lat' dir='ltr'>per</span> <span class='ocrx_word' id='word_1_56' title='bbox 442 871 594 903; x_wconf 87' lang='lat' dir='ltr'>omnium</span> <span class='ocrx_word' id='word_1_57' title='bbox 617 871 720 902; x_wconf 88' lang='lat' dir='ltr'>trium</span> <span class='ocrx_word' id='word_1_58' title='bbox 743 872 888 903; x_wconf 75' lang='lat' dir='ltr'>nuncios</span> <span class='ocrx_word' id='word_1_59' title='bbox 915 871 978 903; x_wconf 86' lang='lat' dir='ltr'>sub</span> 
     </span>
     <span class='ocr_line' id='line_1_12' title="bbox 135 924 979 967; baseline -0.002 -10"><span class='ocrx_word' id='word_1_60' title='bbox 135 926 200 957; x_wconf 83' lang='lat' dir='ltr'>hac</span> <span class='ocrx_word' id='word_1_61' title='bbox 213 926 301 956; x_wconf 86' lang='lat' dir='ltr'>serie</span> <span class='ocrx_word' id='word_1_62' title='bbox 319 926 449 958; x_wconf 88' lang='lat' dir='ltr'>noticie</span> <span class='ocrx_word' id='word_1_63' title='bbox 466 926 595 962; x_wconf 76' lang='lat' dir='ltr'>facere,</span> <span class='ocrx_word' id='word_1_64' title='bbox 613 925 706 967; x_wconf 92' lang='lat' dir='ltr'>quod</span> <span class='ocrx_word' id='word_1_65' title='bbox 722 936 799 956; x_wconf 90' lang='lat' dir='ltr'>cum</span> <span class='ocrx_word' id='word_1_66' title='bbox 818 924 979 956; x_wconf 82' lang='lat' dir='ltr'>Ecclesia</span> 
     </span>
     <span class='ocr_line' id='line_1_13' title="bbox 134 978 979 1022; baseline -0.002 -12"><span class='ocrx_word' id='word_1_67' title='bbox 134 989 204 1010; x_wconf 90' lang='lat' dir='ltr'>non</span> <span class='ocrx_word' id='word_1_68' title='bbox 228 979 272 1011; x_wconf 89' lang='lat' dir='ltr'>ad</span> <span class='ocrx_word' id='word_1_69' title='bbox 294 979 402 1020; x_wconf 88' lang='lat' dir='ltr'>ipsius</span> <span class='ocrx_word' id='word_1_70' title='bbox 425 979 596 1011; x_wconf 79' lang='lat' dir='ltr'>offensam</span> <span class='ocrx_word' id='word_1_71' title='bbox 622 978 779 1022; x_wconf 83' lang='lat' dir='ltr'>colligati</span> <span class='ocrx_word' id='word_1_72' title='bbox 803 984 880 1010; x_wconf 80' lang='lat' dir='ltr'>sunt</span> <span class='ocrx_word' id='word_1_73' title='bbox 897 978 979 1009; x_wconf 80' lang='lat' dir='ltr'>ami-</span> 
     </span>
     <span class='ocr_line' id='line_1_14' title="bbox 136 1032 979 1074; baseline -0.001 -11"><span class='ocrx_word' id='word_1_74' title='bbox 136 1033 236 1074; x_wconf 81' lang='lat' dir='ltr'>cique</span> <span class='ocrx_word' id='word_1_75' title='bbox 261 1032 311 1063; x_wconf 87' lang='lat' dir='ltr'>sui</span> <span class='ocrx_word' id='word_1_76' title='bbox 337 1038 371 1064; x_wconf 89' lang='lat' dir='ltr'>et</span> <span class='ocrx_word' id='word_1_77' title='bbox 394 1033 521 1064; x_wconf 76' lang='lat' dir='ltr'>fratres</span> <span class='ocrx_word' id='word_1_78' title='bbox 545 1043 619 1063; x_wconf 90' lang='lat' dir='ltr'>esse</span> <span class='ocrx_word' id='word_1_79' title='bbox 644 1032 774 1071; x_wconf 82' lang='lat' dir='ltr'>volunt,</span> <span class='ocrx_word' id='word_1_80' title='bbox 800 1032 857 1063; x_wconf 90' lang='lat' dir='ltr'>ubi</span> <span class='ocrx_word' id='word_1_81' title='bbox 875 1041 979 1063; x_wconf 91' lang='lat' dir='ltr'>occu-</span> 
     </span>
     <span class='ocr_line' id='line_1_15' title="bbox 135 1084 979 1127; baseline 0 -11"><span class='ocrx_word' id='word_1_82' title='bbox 135 1092 216 1127; x_wconf 83' lang='lat' dir='ltr'>pata</span> <span class='ocrx_word' id='word_1_83' title='bbox 239 1095 301 1126; x_wconf 87' lang='lat' dir='ltr'>per</span> <span class='ocrx_word' id='word_1_84' title='bbox 322 1096 399 1116; x_wconf 91' lang='lat' dir='ltr'>eum</span> <span class='ocrx_word' id='word_1_85' title='bbox 423 1086 458 1117; x_wconf 91' lang='lat' dir='ltr'>in</span> <span class='ocrx_word' id='word_1_86' title='bbox 482 1085 646 1117; x_wconf 85' lang='lat' dir='ltr'>comitatu</span> <span class='ocrx_word' id='word_1_87' title='bbox 673 1084 829 1116; x_wconf 89' lang='lat' dir='ltr'>Bononie</span> <span class='ocrx_word' id='word_1_88' title='bbox 855 1092 889 1116; x_wconf 91' lang='lat' dir='ltr'>et</span> <span class='ocrx_word' id='word_1_89' title='bbox 905 1085 979 1116; x_wconf 87' lang='lat' dir='ltr'>Ro-</span> 
     </span>
     <span class='ocr_line' id='line_1_16' title="bbox 135 1138 977 1176; baseline -0.001 -7"><span class='ocrx_word' id='word_1_90' title='bbox 135 1138 310 1170; x_wconf 85' lang='lat' dir='ltr'>mandiola</span> <span class='ocrx_word' id='word_1_91' title='bbox 322 1138 432 1170; x_wconf 90' lang='lat' dir='ltr'>libere</span> <span class='ocrx_word' id='word_1_92' title='bbox 446 1139 530 1170; x_wconf 87' lang='lat' dir='ltr'>velit</span> <span class='ocrx_word' id='word_1_93' title='bbox 543 1139 703 1170; x_wconf 90' lang='lat' dir='ltr'>Ecclesie</span> <span class='ocrx_word' id='word_1_94' title='bbox 716 1139 897 1176; x_wconf 86' lang='lat' dir='ltr'>relassare,</span> <span class='ocrx_word' id='word_1_95' title='bbox 911 1149 977 1170; x_wconf 85' lang='lat' dir='ltr'>non</span> 
     </span>
     <span class='ocr_line' id='line_1_17' title="bbox 134 1192 979 1234; baseline -0.001 -11"><span class='ocrx_word' id='word_1_96' title='bbox 134 1193 288 1223; x_wconf 83' lang='lat' dir='ltr'>tenendo</span> <span class='ocrx_word' id='word_1_97' title='bbox 315 1192 497 1223; x_wconf 83' lang='lat' dir='ltr'>ecclesiam</span> <span class='ocrx_word' id='word_1_98' title='bbox 522 1202 634 1234; x_wconf 84' lang='lat' dir='ltr'>neque</span> <span class='ocrx_word' id='word_1_99' title='bbox 654 1192 837 1234; x_wconf 83' lang='lat' dir='ltr'>colligatos</span> <span class='ocrx_word' id='word_1_100' title='bbox 853 1192 888 1223; x_wconf 87' lang='lat' dir='ltr'>in</span> <span class='ocrx_word' id='word_1_101' title='bbox 903 1200 979 1223; x_wconf 89' lang='lat' dir='ltr'>ver-</span> 
     </span>
     <span class='ocr_line' id='line_1_18' title="bbox 135 1245 979 1287; baseline 0 -11"><span class='ocrx_word' id='word_1_102' title='bbox 135 1245 196 1281; x_wconf 88' lang='lat' dir='ltr'>bis,</span> <span class='ocrx_word' id='word_1_103' title='bbox 221 1245 376 1287; x_wconf 86' lang='lat' dir='ltr'>alioquin</span> <span class='ocrx_word' id='word_1_104' title='bbox 399 1255 469 1276; x_wconf 92' lang='lat' dir='ltr'>non</span> <span class='ocrx_word' id='word_1_105' title='bbox 490 1251 634 1286; x_wconf 81' lang='lat' dir='ltr'>possunt</span> <span class='ocrx_word' id='word_1_106' title='bbox 658 1245 851 1276; x_wconf 73' lang='lat' dir='ltr'>Ecclesiam</span> <span class='ocrx_word' id='word_1_107' title='bbox 882 1246 979 1277; x_wconf 86' lang='lat' dir='ltr'>dese-</span> 
     </span>
     <span class='ocr_line' id='line_1_19' title="bbox 134 1298 979 1341; baseline 0.001 -13"><span class='ocrx_word' id='word_1_108' title='bbox 134 1308 222 1329; x_wconf 85' lang='lat' dir='ltr'>rere.</span> <span class='ocrx_word' id='word_1_109' title='bbox 270 1298 405 1336; x_wconf 87' lang='lat' dir='ltr'>Quibus</span> <span class='ocrx_word' id='word_1_110' title='bbox 429 1298 667 1341; x_wconf 85' lang='lat' dir='ltr'>colligatorum</span> <span class='ocrx_word' id='word_1_111' title='bbox 694 1299 867 1339; x_wconf 86' lang='lat' dir='ltr'>presidum</span> <span class='ocrx_word' id='word_1_112' title='bbox 894 1309 979 1329; x_wconf 88' lang='lat' dir='ltr'>nun-</span> 
     </span>
     <span class='ocr_line' id='line_1_20' title="bbox 135 1351 976 1394; baseline -0.001 -11"><span class='ocrx_word' id='word_1_113' title='bbox 135 1352 197 1383; x_wconf 65' lang='lat' dir='ltr'>ciis</span> <span class='ocrx_word' id='word_1_114' title='bbox 221 1362 297 1383; x_wconf 91' lang='lat' dir='ltr'>cum</span> <span class='ocrx_word' id='word_1_115' title='bbox 322 1351 516 1383; x_wconf 85' lang='lat' dir='ltr'>huiusmodi</span> <span class='ocrx_word' id='word_1_116' title='bbox 540 1352 723 1394; x_wconf 81' lang='lat' dir='ltr'>legacione</span> <span class='ocrx_word' id='word_1_117' title='bbox 740 1352 976 1383; x_wconf 83' lang='lat' dir='ltr'>Mediolanum</span> 
     </span>
     <span class='ocr_line' id='line_1_21' title="bbox 135 1405 979 1448; baseline 0.002 -13"><span class='ocrx_word' id='word_1_118' title='bbox 135 1406 339 1437; x_wconf 80' lang='lat' dir='ltr'>transmissis</span> <span class='ocrx_word' id='word_1_119' title='bbox 361 1405 496 1448; x_wconf 77' lang='lat' dir='ltr'>ipsique</span> <span class='ocrx_word' id='word_1_120' title='bbox 521 1405 661 1436; x_wconf 86' lang='lat' dir='ltr'>domino</span> <span class='ocrx_word' id='word_1_121' title='bbox 677 1405 871 1437; x_wconf 77' lang='lat' dir='ltr'>Bernaboni</span> <span class='ocrx_word' id='word_1_122' title='bbox 887 1406 979 1447; x_wconf 84' lang='lat' dir='ltr'>ipso-</span> 
     </span>
     <span class='ocr_line' id='line_1_22' title="bbox 135 1458 975 1501; baseline 0.001 -12"><span class='ocrx_word' id='word_1_123' title='bbox 135 1469 209 1489; x_wconf 87' lang='lat' dir='ltr'>rum</span> <span class='ocrx_word' id='word_1_124' title='bbox 223 1458 372 1490; x_wconf 81' lang='lat' dir='ltr'>adventu</span> <span class='ocrx_word' id='word_1_125' title='bbox 387 1459 575 1501; x_wconf 80' lang='lat' dir='ltr'>patefacto,</span> <span class='ocrx_word' id='word_1_126' title='bbox 588 1459 684 1490; x_wconf 88' lang='lat' dir='ltr'>iussit</span> <span class='ocrx_word' id='word_1_127' title='bbox 698 1460 742 1490; x_wconf 87' lang='lat' dir='ltr'>ad</span> <span class='ocrx_word' id='word_1_128' title='bbox 756 1470 790 1490; x_wconf 87' lang='lat' dir='ltr'>se</span> <span class='ocrx_word' id='word_1_129' title='bbox 805 1459 898 1500; x_wconf 87' lang='lat' dir='ltr'>ipsos</span> <span class='ocrx_word' id='word_1_130' title='bbox 910 1459 975 1496; x_wconf 88' lang='lat' dir='ltr'>ire;</span> 
     </span>
     <span class='ocr_line' id='line_1_23' title="bbox 136 1512 977 1554; baseline 0.001 -12"><span class='ocrx_word' id='word_1_131' title='bbox 136 1523 200 1544; x_wconf 85' lang='lat' dir='ltr'>nec</span> <span class='ocrx_word' id='word_1_132' title='bbox 224 1522 342 1553; x_wconf 84' lang='lat' dir='ltr'>passus</span> <span class='ocrx_word' id='word_1_133' title='bbox 366 1512 461 1553; x_wconf 87' lang='lat' dir='ltr'>ipsos</span> <span class='ocrx_word' id='word_1_134' title='bbox 484 1523 579 1543; x_wconf 85' lang='lat' dir='ltr'>suam</span> <span class='ocrx_word' id='word_1_135' title='bbox 602 1512 664 1543; x_wconf 91' lang='lat' dir='ltr'>sibi</span> <span class='ocrx_word' id='word_1_136' title='bbox 684 1522 858 1553; x_wconf 84' lang='lat' dir='ltr'>exponere</span> <span class='ocrx_word' id='word_1_137' title='bbox 883 1512 977 1554; x_wconf 78' lang='lat' dir='ltr'>lega-</span> 
     </span>
     <span class='ocr_line' id='line_1_24' title="bbox 137 1565 976 1606; baseline 0 -10"><span class='ocrx_word' id='word_1_138' title='bbox 137 1565 271 1597; x_wconf 85' lang='lat' dir='ltr'>cionem</span> <span class='ocrx_word' id='word_1_139' title='bbox 285 1565 389 1606; x_wconf 90' lang='lat' dir='ltr'>[c]um</span> <span class='ocrx_word' id='word_1_140' title='bbox 405 1575 466 1596; x_wconf 89' lang='lat' dir='ltr'>suo</span> <span class='ocrx_word' id='word_1_141' title='bbox 486 1566 617 1596; x_wconf 87' lang='lat' dir='ltr'>notario</span> <span class='ocrx_word' id='word_1_142' title='bbox 636 1565 741 1597; x_wconf 80' lang='lat' dir='ltr'>edixit</span> <span class='ocrx_word' id='word_1_143' title='bbox 758 1566 896 1606; x_wconf 83' lang='lat' dir='ltr'>exponi.</span> <span class='ocrx_word' id='word_1_144' title='bbox 920 1565 976 1596; x_wconf 89' lang='lat' dir='ltr'>Ad</span> 
     </span>
     <span class='ocr_line' id='line_1_25' title="bbox 137 1618 978 1661; baseline -0.001 -11"><span class='ocrx_word' id='word_1_145' title='bbox 137 1629 237 1661; x_wconf 90' lang='lat' dir='ltr'>quem</span> <span class='ocrx_word' id='word_1_146' title='bbox 261 1619 338 1650; x_wconf 91' lang='lat' dir='ltr'>loco</span> <span class='ocrx_word' id='word_1_147' title='bbox 366 1618 467 1650; x_wconf 86' lang='lat' dir='ltr'>officii</span> <span class='ocrx_word' id='word_1_148' title='bbox 498 1629 567 1650; x_wconf 90' lang='lat' dir='ltr'>non</span> <span class='ocrx_word' id='word_1_149' title='bbox 600 1618 765 1660; x_wconf 83' lang='lat' dir='ltr'>intrepidi</span> <span class='ocrx_word' id='word_1_150' title='bbox 798 1619 978 1650; x_wconf 87' lang='lat' dir='ltr'>venientes</span> 
     </span>
     <span class='ocr_line' id='line_1_26' title="bbox 135 1671 976 1713; baseline 0 -11"><span class='ocrx_word' id='word_1_151' title='bbox 135 1671 445 1713; x_wconf 80' lang='lat' dir='ltr'>ostendentemque</span> <span class='ocrx_word' id='word_1_152' title='bbox 470 1682 538 1703; x_wconf 91' lang='lat' dir='ltr'>non</span> <span class='ocrx_word' id='word_1_153' title='bbox 564 1681 776 1713; x_wconf 82' lang='lat' dir='ltr'>cognoscere</span> <span class='ocrx_word' id='word_1_154' title='bbox 802 1681 871 1709; x_wconf 88' lang='lat' dir='ltr'>eos,</span> <span class='ocrx_word' id='word_1_155' title='bbox 896 1672 976 1702; x_wconf 87' lang='lat' dir='ltr'>dum</span> 
     </span>
     <span class='ocr_line' id='line_1_27' title="bbox 135 1724 976 1766; baseline -0.001 -10"><span class='ocrx_word' id='word_1_156' title='bbox 135 1724 224 1756; x_wconf 86' lang='lat' dir='ltr'>vidit</span> <span class='ocrx_word' id='word_1_157' title='bbox 245 1725 289 1756; x_wconf 89' lang='lat' dir='ltr'>ad</span> <span class='ocrx_word' id='word_1_158' title='bbox 306 1725 390 1766; x_wconf 87' lang='lat' dir='ltr'>quid</span> <span class='ocrx_word' id='word_1_159' title='bbox 416 1725 498 1756; x_wconf 87' lang='lat' dir='ltr'>illuc</span> <span class='ocrx_word' id='word_1_160' title='bbox 515 1731 754 1766; x_wconf 80' lang='lat' dir='ltr'>perrexerant,</span> <span class='ocrx_word' id='word_1_161' title='bbox 779 1724 976 1766; x_wconf 88' lang='lat' dir='ltr'>audivitque</span> 
     </span>
     <span class='ocr_line' id='line_1_28' title="bbox 136 1779 978 1822; baseline 0 -12"><span class='ocrx_word' id='word_1_162' title='bbox 136 1780 347 1822; x_wconf 59' lang='lat' dir='ltr'>legacffines,</span> <span class='ocrx_word' id='word_1_163' title='bbox 371 1791 456 1822; x_wconf 87' lang='lat' dir='ltr'>quas</span> <span class='ocrx_word' id='word_1_164' title='bbox 480 1780 625 1822; x_wconf 89' lang='lat' dir='ltr'>quisque</span> <span class='ocrx_word' id='word_1_165' title='bbox 647 1780 681 1810; x_wconf 88' lang='lat' dir='ltr'>in</span> <span class='ocrx_word' id='word_1_166' title='bbox 711 1780 850 1822; x_wconf 86' lang='lat' dir='ltr'>scriptis</span> <span class='ocrx_word' id='word_1_167' title='bbox 873 1779 978 1810; x_wconf 82' lang='lat' dir='ltr'>habe-</span> 
     </span>
     <span class='ocr_line' id='line_1_29' title="bbox 135 1833 978 1873; baseline 0 -9"><span class='ocrx_word' id='word_1_168' title='bbox 135 1833 204 1870; x_wconf 80' lang='lat' dir='ltr'>bat,</span> <span class='ocrx_word' id='word_1_169' title='bbox 221 1833 312 1866; x_wconf 78' lang='lat' dir='ltr'>dixit</span> <span class='ocrx_word' id='word_1_170' title='bbox 328 1843 363 1865; x_wconf 90' lang='lat' dir='ltr'>se</span> <span class='ocrx_word' id='word_1_171' title='bbox 380 1834 478 1865; x_wconf 86' lang='lat' dir='ltr'>heroi</span> <span class='ocrx_word' id='word_1_172' title='bbox 495 1844 554 1864; x_wconf 89' lang='lat' dir='ltr'>suo</span> <span class='ocrx_word' id='word_1_173' title='bbox 569 1834 686 1865; x_wconf 77' lang='lat' dir='ltr'>audita</span> <span class='ocrx_word' id='word_1_174' title='bbox 700 1834 844 1873; x_wconf 77' lang='lat' dir='ltr'>referre,</span> <span class='ocrx_word' id='word_1_175' title='bbox 861 1843 978 1865; x_wconf 86' lang='lat' dir='ltr'>rever-</span> 
     </span>
     <span class='ocr_line' id='line_1_30' title="bbox 135 1886 976 1928; baseline -0.001 -10"><span class='ocrx_word' id='word_1_176' title='bbox 135 1887 232 1928; x_wconf 86' lang='lat' dir='ltr'>sique</span> <span class='ocrx_word' id='word_1_177' title='bbox 258 1887 301 1917; x_wconf 87' lang='lat' dir='ltr'>ad</span> <span class='ocrx_word' id='word_1_178' title='bbox 326 1886 518 1927; x_wconf 78' lang='lat' dir='ltr'>hospicium</span> <span class='ocrx_word' id='word_1_179' title='bbox 542 1886 623 1918; x_wconf 84' lang='lat' dir='ltr'>iussi</span> <span class='ocrx_word' id='word_1_180' title='bbox 641 1893 717 1918; x_wconf 88' lang='lat' dir='ltr'>sunt</span> <span class='ocrx_word' id='word_1_181' title='bbox 733 1887 776 1918; x_wconf 86' lang='lat' dir='ltr'>ab</span> <span class='ocrx_word' id='word_1_182' title='bbox 800 1887 882 1919; x_wconf 89' lang='lat' dir='ltr'>inde</span> <span class='ocrx_word' id='word_1_183' title='bbox 908 1897 976 1918; x_wconf 90' lang='lat' dir='ltr'>non</span> 
     </span>
     <span class='ocr_line' id='line_1_31' title="bbox 136 1938 978 1982; baseline -0.001 -11"><span class='ocrx_word' id='word_1_184' title='bbox 136 1939 328 1971; x_wconf 87' lang='lat' dir='ltr'>discedere.</span> <span class='ocrx_word' id='word_1_185' title='bbox 369 1938 448 1977; x_wconf 90' lang='lat' dir='ltr'>Que</span> <span class='ocrx_word' id='word_1_186' title='bbox 469 1945 596 1972; x_wconf 82' lang='lat' dir='ltr'>cuncta</span> <span class='ocrx_word' id='word_1_187' title='bbox 620 1947 803 1982; x_wconf 85' lang='lat' dir='ltr'>postquam</span> <span class='ocrx_word' id='word_1_188' title='bbox 821 1940 978 1982; x_wconf 84' lang='lat' dir='ltr'>percepit</span> 
     </span>
     <span class='ocr_line' id='line_1_32' title="bbox 135 1992 978 2035; baseline -0.001 -10"><span class='ocrx_word' id='word_1_189' title='bbox 135 1995 208 2035; x_wconf 89' lang='lat' dir='ltr'>ipse</span> <span class='ocrx_word' id='word_1_190' title='bbox 239 1994 400 2025; x_wconf 89' lang='lat' dir='ltr'>dominus</span> <span class='ocrx_word' id='word_1_191' title='bbox 430 1992 618 2032; x_wconf 87' lang='lat' dir='ltr'>Bernabos‚</span> <span class='ocrx_word' id='word_1_192' title='bbox 650 1993 700 2025; x_wconf 87' lang='lat' dir='ltr'>ira</span> <span class='ocrx_word' id='word_1_193' title='bbox 726 2004 913 2025; x_wconf 86' lang='lat' dir='ltr'>succensus</span> <span class='ocrx_word' id='word_1_194' title='bbox 944 1999 978 2025; x_wconf 83' lang='lat' dir='ltr'>et</span> 
     </span>
     <span class='ocr_line' id='line_1_33' title="bbox 135 2046 976 2090; baseline 0.001 -13"><span class='ocrx_word' id='word_1_195' title='bbox 135 2046 230 2077; x_wconf 84' lang='lat' dir='ltr'>velut</span> <span class='ocrx_word' id='word_1_196' title='bbox 246 2046 300 2078; x_wconf 91' lang='lat' dir='ltr'>leo</span> <span class='ocrx_word' id='word_1_197' title='bbox 317 2057 381 2088; x_wconf 89' lang='lat' dir='ltr'>per</span> <span class='ocrx_word' id='word_1_198' title='bbox 397 2046 594 2088; x_wconf 88' lang='lat' dir='ltr'>camera[m]</span> <span class='ocrx_word' id='word_1_199' title='bbox 618 2047 758 2090; x_wconf 83' lang='lat' dir='ltr'>rugiens</span> <span class='ocrx_word' id='word_1_200' title='bbox 773 2058 976 2089; x_wconf 87' lang='lat' dir='ltr'>semperque</span> 
     </span>
     <span class='ocr_line' id='line_1_34' title="bbox 135 2099 976 2142; baseline 0.001 -12"><span class='ocrx_word' id='word_1_201' title='bbox 135 2099 171 2130; x_wconf 85' lang='lat' dir='ltr'>in</span> <span class='ocrx_word' id='word_1_202' title='bbox 188 2100 296 2131; x_wconf 80' lang='lat' dir='ltr'>verba</span> <span class='ocrx_word' id='word_1_203' title='bbox 311 2110 542 2142; x_wconf 84' lang='lat' dir='ltr'>prorumpens</span> <span class='ocrx_word' id='word_1_204' title='bbox 567 2101 739 2132; x_wconf 87' lang='lat' dir='ltr'>cruciatus</span> <span class='ocrx_word' id='word_1_205' title='bbox 762 2101 976 2132; x_wconf 85' lang='lat' dir='ltr'>solummodo</span> 
     </span>
     <span class='ocr_line' id='line_1_35' title="bbox 136 2153 978 2195; baseline 0 -11"><span class='ocrx_word' id='word_1_206' title='bbox 136 2153 336 2184; x_wconf 85' lang='lat' dir='ltr'>minitancia</span> <span class='ocrx_word' id='word_1_207' title='bbox 367 2153 619 2195; x_wconf 81' lang='lat' dir='ltr'>colligatorum,</span> <span class='ocrx_word' id='word_1_208' title='bbox 643 2160 679 2185; x_wconf 84' lang='lat' dir='ltr'>ut</span> <span class='ocrx_word' id='word_1_209' title='bbox 703 2166 721 2185; x_wconf 89' lang='lat' dir='ltr'>a</span> <span class='ocrx_word' id='word_1_210' title='bbox 750 2154 978 2185; x_wconf 76' lang='lat' dir='ltr'>familiaribus</span> 
     </span>
     <span class='ocr_line' id='line_1_36' title="bbox 136 2207 976 2249; baseline -0.001 -12"><span class='ocrx_word' id='word_1_211' title='bbox 136 2213 257 2247; x_wconf 84' lang='lat' dir='ltr'>postea</span> <span class='ocrx_word' id='word_1_212' title='bbox 282 2213 333 2238; x_wconf 85' lang='lat' dir='ltr'>est</span> <span class='ocrx_word' id='word_1_213' title='bbox 356 2207 521 2244; x_wconf 85' lang='lat' dir='ltr'>habitum,</span> <span class='ocrx_word' id='word_1_214' title='bbox 546 2207 643 2238; x_wconf 87' lang='lat' dir='ltr'>iussit</span> <span class='ocrx_word' id='word_1_215' title='bbox 666 2207 758 2249; x_wconf 81' lang='lat' dir='ltr'>ipsos</span> <span class='ocrx_word' id='word_1_216' title='bbox 777 2208 819 2239; x_wconf 89' lang='lat' dir='ltr'>de</span> <span class='ocrx_word' id='word_1_217' title='bbox 838 2217 976 2239; x_wconf 84' lang='lat' dir='ltr'>camera</span> 
     </span>
     <span class='ocr_line' id='line_1_37' title="bbox 136 2260 977 2304; baseline 0 -14"><span class='ocrx_word' id='word_1_218' title='bbox 136 2260 294 2301; x_wconf 82' lang='lat' dir='ltr'>hospicii,</span> <span class='ocrx_word' id='word_1_219' title='bbox 310 2260 354 2291; x_wconf 86' lang='lat' dir='ltr'>ad</span> <span class='ocrx_word' id='word_1_220' title='bbox 370 2261 463 2302; x_wconf 92' lang='lat' dir='ltr'>quod</span> <span class='ocrx_word' id='word_1_221' title='bbox 479 2260 731 2301; x_wconf 84' lang='lat' dir='ltr'>applicuerant,</span> <span class='ocrx_word' id='word_1_222' title='bbox 746 2261 867 2304; x_wconf 82' lang='lat' dir='ltr'>egredi</span> <span class='ocrx_word' id='word_1_223' title='bbox 882 2260 977 2291; x_wconf 87' lang='lat' dir='ltr'>nullo</span> 
     </span>
     <span class='ocr_line' id='line_1_38' title="bbox 136 2311 977 2357; baseline 0 -13"><span class='ocrx_word' id='word_1_224' title='bbox 136 2314 238 2345; x_wconf 88' lang='lat' dir='ltr'>modo</span> <span class='ocrx_word' id='word_1_225' title='bbox 262 2313 401 2347; x_wconf 84' lang='lat' dir='ltr'>debere.</span> <span class='ocrx_word' id='word_1_226' title='bbox 450 2311 530 2350; x_wconf 87' lang='lat' dir='ltr'>Quo</span> <span class='ocrx_word' id='word_1_227' title='bbox 547 2315 640 2345; x_wconf 87' lang='lat' dir='ltr'>iussu</span> <span class='ocrx_word' id='word_1_228' title='bbox 657 2314 773 2346; x_wconf 77' lang='lat' dir='ltr'>audito</span> <span class='ocrx_word' id='word_1_229' title='bbox 789 2314 896 2357; x_wconf 83' lang='lat' dir='ltr'>legati</span> <span class='ocrx_word' id='word_1_230' title='bbox 912 2314 977 2354; x_wconf 89' lang='lat' dir='ltr'>ipsi</span> 
     </span>
     <span class='ocr_line' id='line_1_39' title="bbox 136 2366 976 2404; baseline 0.001 -7"><span class='ocrx_word' id='word_1_231' title='bbox 136 2376 204 2398; x_wconf 88' lang='lat' dir='ltr'>non</span> <span class='ocrx_word' id='word_1_232' title='bbox 228 2366 401 2398; x_wconf 87' lang='lat' dir='ltr'>modicum</span> <span class='ocrx_word' id='word_1_233' title='bbox 425 2367 548 2398; x_wconf 72' lang='lat' dir='ltr'>affecti</span> <span class='ocrx_word' id='word_1_234' title='bbox 565 2374 652 2404; x_wconf 89' lang='lat' dir='ltr'>sunt,</span> <span class='ocrx_word' id='word_1_235' title='bbox 669 2373 739 2398; x_wconf 87' lang='lat' dir='ltr'>tum</span> <span class='ocrx_word' id='word_1_236' title='bbox 759 2368 976 2399; x_wconf 76' lang='lat' dir='ltr'>considerato</span> 
     </span>
     <span class='ocr_line' id='line_1_40' title="bbox 136 2419 978 2463; baseline 0 -12"><span class='ocrx_word' id='word_1_237' title='bbox 136 2419 265 2451; x_wconf 88' lang='lat' dir='ltr'>domini</span> <span class='ocrx_word' id='word_1_238' title='bbox 291 2421 507 2452; x_wconf 88' lang='lat' dir='ltr'>Bernabonis</span> <span class='ocrx_word' id='word_1_239' title='bbox 529 2421 656 2459; x_wconf 75' lang='lat' dir='ltr'>furore,</span> <span class='ocrx_word' id='word_1_240' title='bbox 672 2427 742 2452; x_wconf 89' lang='lat' dir='ltr'>tum</span> <span class='ocrx_word' id='word_1_241' title='bbox 761 2421 872 2453; x_wconf 84' lang='lat' dir='ltr'>eciam</span> <span class='ocrx_word' id='word_1_242' title='bbox 897 2421 978 2463; x_wconf 87' lang='lat' dir='ltr'>quia</span> 
     </span>
     <span class='ocr_line' id='line_1_41' title="bbox 136 2473 978 2516; baseline 0 -12"><span class='ocrx_word' id='word_1_243' title='bbox 136 2473 315 2505; x_wconf 83' lang='lat' dir='ltr'>familiaris</span> <span class='ocrx_word' id='word_1_244' title='bbox 339 2475 496 2505; x_wconf 86' lang='lat' dir='ltr'>minister</span> <span class='ocrx_word' id='word_1_245' title='bbox 519 2474 626 2505; x_wconf 86' lang='lat' dir='ltr'>edicti</span> <span class='ocrx_word' id='word_1_246' title='bbox 651 2475 795 2516; x_wconf 84' lang='lat' dir='ltr'>stipatus</span> <span class='ocrx_word' id='word_1_247' title='bbox 819 2480 893 2505; x_wconf 87' lang='lat' dir='ltr'>erat</span> <span class='ocrx_word' id='word_1_248' title='bbox 924 2485 978 2504; x_wconf 83' lang='lat' dir='ltr'>ar-</span> 
     </span>
     <span class='ocr_line' id='line_1_42' title="bbox 136 2527 978 2569; baseline 0.002 -13"><span class='ocrx_word' id='word_1_249' title='bbox 136 2531 304 2558; x_wconf 86' lang='lat' dir='ltr'>matorum</span> <span class='ocrx_word' id='word_1_250' title='bbox 327 2533 477 2559; x_wconf 83' lang='lat' dir='ltr'>caterva.</span> <span class='ocrx_word' id='word_1_251' title='bbox 516 2527 574 2558; x_wconf 70' lang='lat' dir='ltr'>Sic</span> <span class='ocrx_word' id='word_1_252' title='bbox 592 2537 674 2569; x_wconf 84' lang='lat' dir='ltr'>ergo</span> <span class='ocrx_word' id='word_1_253' title='bbox 691 2527 738 2558; x_wconf 90' lang='lat' dir='ltr'>ibi</span> <span class='ocrx_word' id='word_1_254' title='bbox 754 2528 884 2559; x_wconf 87' lang='lat' dir='ltr'>tamdiu</span> <span class='ocrx_word' id='word_1_255' title='bbox 910 2533 978 2558; x_wconf 79' lang='lat' dir='ltr'>ste-</span> 
     </span>
     <span class='ocr_line' id='line_1_43' title="bbox 135 2580 978 2620; baseline 0 -10"><span class='ocrx_word' id='word_1_256' title='bbox 135 2585 258 2616; x_wconf 80' lang='lat' dir='ltr'>terunt,</span> <span class='ocrx_word' id='word_1_257' title='bbox 275 2580 388 2611; x_wconf 92' lang='lat' dir='ltr'>donec</span> <span class='ocrx_word' id='word_1_258' title='bbox 406 2580 504 2620; x_wconf 85' lang='lat' dir='ltr'>paria</span> <span class='ocrx_word' id='word_1_259' title='bbox 527 2580 591 2611; x_wconf 80' lang='lat' dir='ltr'>tria</span> <span class='ocrx_word' id='word_1_260' title='bbox 615 2581 761 2612; x_wconf 84' lang='lat' dir='ltr'>vestium</span> <span class='ocrx_word' id='word_1_261' title='bbox 788 2587 865 2612; x_wconf 86' lang='lat' dir='ltr'>sunt</span> <span class='ocrx_word' id='word_1_262' title='bbox 883 2581 978 2611; x_wconf 79' lang='lat' dir='ltr'>alba—-</span> 
     </span>
     <span class='ocr_line' id='line_1_44' title="bbox 137 2632 976 2675; baseline 0.002 -13"><span class='ocrx_word' id='word_1_263' title='bbox 137 2643 211 2663; x_wconf 89' lang='lat' dir='ltr'>rum</span> <span class='ocrx_word' id='word_1_264' title='bbox 235 2632 339 2669; x_wconf 77' lang='lat' dir='ltr'>facta,</span> <span class='ocrx_word' id='word_1_265' title='bbox 357 2633 568 2675; x_wconf 82' lang='lat' dir='ltr'>singulisque</span> <span class='ocrx_word' id='word_1_266' title='bbox 592 2633 735 2675; x_wconf 81' lang='lat' dir='ltr'>singulis</span> <span class='ocrx_word' id='word_1_267' title='bbox 759 2634 976 2674; x_wconf 65' lang='lat' dir='ltr'>presentans,</span> 
     </span>
     <span class='ocr_line' id='line_1_45' title="bbox 136 2685 978 2718; baseline 0.002 -3"><span class='ocrx_word' id='word_1_268' title='bbox 136 2685 249 2716; x_wconf 87' lang='lat' dir='ltr'>iurare</span> <span class='ocrx_word' id='word_1_269' title='bbox 271 2692 350 2717; x_wconf 88' lang='lat' dir='ltr'>sunt</span> <span class='ocrx_word' id='word_1_270' title='bbox 366 2686 476 2718; x_wconf 88' lang='lat' dir='ltr'>coacti</span> <span class='ocrx_word' id='word_1_271' title='bbox 495 2686 604 2718; x_wconf 79' lang='lat' dir='ltr'>dictas</span> <span class='ocrx_word' id='word_1_272' title='bbox 626 2697 661 2717; x_wconf 93' lang='lat' dir='ltr'>se</span> <span class='ocrx_word' id='word_1_273' title='bbox 679 2693 792 2717; x_wconf 84' lang='lat' dir='ltr'>vestes</span> <span class='ocrx_word' id='word_1_274' title='bbox 809 2697 878 2717; x_wconf 89' lang='lat' dir='ltr'>non</span> <span class='ocrx_word' id='word_1_275' title='bbox 895 2697 978 2717; x_wconf 74' lang='lat' dir='ltr'>exu-</span> 
     </span>
     <span class='ocr_line' id='line_1_46' title="bbox 136 2739 977 2780; baseline 0.001 -12"><span class='ocrx_word' id='word_1_276' title='bbox 136 2743 242 2775; x_wconf 79' lang='lat' dir='ltr'>turos,</span> <span class='ocrx_word' id='word_1_277' title='bbox 267 2744 429 2780; x_wconf 87' lang='lat' dir='ltr'>quantum</span> <span class='ocrx_word' id='word_1_278' title='bbox 455 2739 563 2770; x_wconf 89' lang='lat' dir='ltr'>dictio</span> <span class='ocrx_word' id='word_1_279' title='bbox 591 2740 845 2780; x_wconf 86' lang='lat' dir='ltr'>complectatur</span> <span class='ocrx_word' id='word_1_280' title='bbox 870 2739 977 2780; x_wconf 84' lang='lat' dir='ltr'>ipsius</span> 
     </span>
     <span class='ocr_line' id='line_1_47' title="bbox 137 2789 978 2829; baseline 0.004 -9"><span class='ocrx_word' id='word_1_281' title='bbox 137 2789 265 2821; x_wconf 89' lang='lat' dir='ltr'>domini</span> <span class='ocrx_word' id='word_1_282' title='bbox 290 2790 568 2829; x_wconf 88' lang='lat' dir='ltr'>Bernabonis‚ac</span> <span class='ocrx_word' id='word_1_283' title='bbox 591 2802 628 2823; x_wconf 87' lang='lat' dir='ltr'>se</span> <span class='ocrx_word' id='word_1_284' title='bbox 651 2802 730 2823; x_wconf 88' lang='lat' dir='ltr'>cum</span> <span class='ocrx_word' id='word_1_285' title='bbox 755 2792 856 2823; x_wconf 79' lang='lat' dir='ltr'>dictis</span> <span class='ocrx_word' id='word_1_286' title='bbox 878 2792 978 2823; x_wconf 86' lang='lat' dir='ltr'>vesti—</span> 
     </span>
     <span class='ocr_line' id='line_1_48' title="bbox 136 2844 976 2886; baseline 0 -11"><span class='ocrx_word' id='word_1_287' title='bbox 136 2844 199 2875; x_wconf 90' lang='lat' dir='ltr'>bus</span> <span class='ocrx_word' id='word_1_288' title='bbox 233 2853 349 2874; x_wconf 87' lang='lat' dir='ltr'>coram</span> <span class='ocrx_word' id='word_1_289' title='bbox 379 2844 526 2876; x_wconf 87' lang='lat' dir='ltr'>dominis</span> <span class='ocrx_word' id='word_1_290' title='bbox 556 2846 625 2876; x_wconf 81' lang='lat' dir='ltr'>suis</span> <span class='ocrx_word' id='word_1_291' title='bbox 653 2856 688 2876; x_wconf 89' lang='lat' dir='ltr'>se</span> <span class='ocrx_word' id='word_1_292' title='bbox 712 2851 976 2886; x_wconf 82' lang='lat' dir='ltr'>presentaturos.</span> 
     </span>
    </p>
   </div>
   <div class='ocr_carea' id='block_1_4' title="bbox 226 2998 439 3029">
    <p class='ocr_par' dir='ltr' id='par_1_4' title="bbox 226 2998 439 3029">
     <span class='ocr_line' id='line_1_49' title="bbox 226 2998 439 3029; baseline -0.005 -7"><span class='ocrx_word' id='word_1_293' title='bbox 226 3004 270 3029; x_wconf 83' lang='lat'>39.</span> <span class='ocrx_word' id='word_1_294' title='bbox 290 2998 383 3021; x_wconf 85' lang='lat' dir='ltr'>furare</span> <span class='ocrx_word' id='word_1_295' title='bbox 403 2998 439 3021; x_wconf 93' lang='lat' dir='ltr'><em>M</em></span> 
     </span>
    </p>
   </div>
   <div class='ocr_carea' id='block_1_5' title="bbox 269 3113 709 3146">
    <p class='ocr_par' dir='ltr' id='par_1_5' title="bbox 269 3113 709 3146">
     <span class='ocr_line' id='line_1_50' title="bbox 269 3113 709 3146; baseline 0.005 -9"><span class='ocrx_word' id='word_1_296' title='bbox 269 3113 302 3138; x_wconf 87' lang='lat' dir='ltr'>T.</span> <span class='ocrx_word' id='word_1_297' title='bbox 321 3113 407 3144; x_wconf 76' lang='lat' dir='ltr'>XVII,</span> <span class='ocrx_word' id='word_1_298' title='bbox 428 3121 452 3145; x_wconf 86' lang='lat' dir='ltr'>p.</span> <span class='ocrx_word' id='word_1_299' title='bbox 473 3120 492 3143; x_wconf 80' lang='lat'>1,</span> <span class='ocrx_word' id='word_1_300' title='bbox 513 3115 568 3139; x_wconf 85' lang='lat' dir='ltr'>vol.</span> <span class='ocrx_word' id='word_1_301' title='bbox 588 3120 611 3138; x_wconf 85' lang='lat'>11</span> <span class='ocrx_word' id='word_1_302' title='bbox 632 3128 663 3133; x_wconf 91' lang='lat'>—</span> <span class='ocrx_word' id='word_1_303' title='bbox 686 3121 709 3146; x_wconf 92' lang='lat'>7.</span> 
     </span>
    </p>
   </div>
   <div class='ocr_carea' id='block_1_6' title="bbox 1046 873 1084 904">
    <p class='ocr_par' dir='ltr' id='par_1_6' title="bbox 1046 873 1084 904">
     <span class='ocr_line' id='line_1_51' title="bbox 1046 873 1084 904; baseline 0.026 -1"><span class='ocrx_word' id='word_1_304' title='bbox 1046 873 1084 904; x_wconf 91' lang='grc'>10</span> 
     </span>
    </p>
   </div>
   <div class='ocr_carea' id='block_1_7' title="bbox 1046 1137 1082 1168">
    <p class='ocr_par' dir='ltr' id='par_1_7' title="bbox 1046 1137 1082 1168">
     <span class='ocr_line' id='line_1_52' title="bbox 1046 1137 1082 1168; baseline 0 0"><span class='ocrx_word' id='word_1_305' title='bbox 1046 1137 1082 1168; x_wconf 88' lang='grc'>15</span> 
     </span>
    </p>
   </div>
   <div class='ocr_carea' id='block_1_8' title="bbox 1041 1404 1082 1434">
    <p class='ocr_par' dir='ltr' id='par_1_8' title="bbox 1041 1404 1082 1434">
     <span class='ocr_line' id='line_1_53' title="bbox 1041 1404 1082 1434; baseline 0 0"><span class='ocrx_word' id='word_1_306' title='bbox 1041 1404 1082 1434; x_wconf 86' lang='grc'>20</span> 
     </span>
    </p>
   </div>
   <div class='ocr_carea' id='block_1_9' title="bbox 1040 1675 1081 1706">
    <p class='ocr_par' dir='ltr' id='par_1_9' title="bbox 1040 1675 1081 1706">
     <span class='ocr_line' id='line_1_54' title="bbox 1040 1675 1081 1706; baseline 0.024 -1"><span class='ocrx_word' id='word_1_307' title='bbox 1040 1675 1081 1706; x_wconf 86' lang='grc'>25</span> 
     </span>
    </p>
   </div>
   <div class='ocr_carea' id='block_1_10' title="bbox 1032 2202 1073 2233">
    <p class='ocr_par' dir='ltr' id='par_1_10' title="bbox 1032 2202 1073 2233">
     <span class='ocr_line' id='line_1_55' title="bbox 1032 2202 1073 2233; baseline -0.024 0"><span class='ocrx_word' id='word_1_308' title='bbox 1032 2202 1073 2233; x_wconf 85' lang='grc'>35</span> 
     </span>
    </p>
   </div>
   <div class='ocr_carea' id='block_1_11' title="bbox 1041 2469 1081 2498">
    <p class='ocr_par' dir='ltr' id='par_1_11' title="bbox 1041 2469 1081 2498">
     <span class='ocr_line' id='line_1_56' title="bbox 1041 2469 1081 2498; baseline 0 0"><span class='ocrx_word' id='word_1_309' title='bbox 1041 2469 1081 2498; x_wconf 88' lang='grc'>40</span> 
     </span>
    </p>
   </div>
   <div class='ocr_carea' id='block_1_12' title="bbox 1040 2733 1079 2765">
    <p class='ocr_par' dir='ltr' id='par_1_12' title="bbox 1040 2733 1079 2765">
     <span class='ocr_line' id='line_1_57' title="bbox 1040 2733 1079 2765; baseline -0.026 0"><span class='ocrx_word' id='word_1_310' title='bbox 1040 2733 1079 2765; x_wconf 89' lang='grc'>45</span> 
     </span>
    </p>
   </div>
   <div class='ocr_carea' id='block_1_13' title="bbox 1103 2161 1105 3027">
    <p class='ocr_par' dir='ltr' id='par_1_13' title="bbox 1103 2161 1105 3027">
     <span class='ocr_line' id='line_1_58' title="bbox 1103 2161 1105 3027; baseline 0 0"><span class='ocrx_word' id='word_1_311' title='bbox 1103 2161 1105 3027; x_wconf 95' lang='lat' dir='ltr'> </span> 
     </span>
    </p>
   </div>
   <div class='ocr_carea' id='block_1_14' title="bbox 1464 377 1659 408">
    <p class='ocr_par' dir='ltr' id='par_1_14' title="bbox 1464 377 1659 408">
     <span class='ocr_line' id='line_1_59' title="bbox 1464 377 1659 408; baseline 0.005 -1"><span class='ocrx_word' id='word_1_312' title='bbox 1464 377 1602 408; x_wconf 65' lang='lat' dir='ltr'>Ram-z.</span> <span class='ocrx_word' id='word_1_313' title='bbox 1623 377 1659 408; x_wconf 82' lang='lat' dir='ltr'><em>D</em></span> 
     </span>
    </p>
   </div>
   <div class='ocr_carea' id='block_1_15' title="bbox 1134 447 1983 2888">
    <p class='ocr_par' dir='ltr' id='par_1_15' title="bbox 1134 447 1983 2888">
     <span class='ocr_line' id='line_1_60' title="bbox 1140 447 1979 490; baseline 0.002 -12"><span class='ocrx_word' id='word_1_314' title='bbox 1140 448 1296 490; x_wconf 88' lang='lat' dir='ltr'>Bologna</span> <span class='ocrx_word' id='word_1_315' title='bbox 1313 453 1346 478; x_wconf 91' lang='lat' dir='ltr'>et</span> <span class='ocrx_word' id='word_1_316' title='bbox 1361 447 1371 478; x_wconf 84' lang='lat' dir='ltr'>i</span> <span class='ocrx_word' id='word_1_317' title='bbox 1388 448 1466 479; x_wconf 83' lang='lat' dir='ltr'>altri</span> <span class='ocrx_word' id='word_1_318' title='bbox 1483 448 1626 485; x_wconf 84' lang='lat' dir='ltr'>castelli,</span> <span class='ocrx_word' id='word_1_319' title='bbox 1645 449 1708 479; x_wconf 85' lang='lat' dir='ltr'>che</span> <span class='ocrx_word' id='word_1_320' title='bbox 1727 449 1745 480; x_wconf 75' lang='grc' dir='ltr'>ὲ</span> <span class='ocrx_word' id='word_1_321' title='bbox 1764 449 1855 480; x_wconf 87' lang='lat' dir='ltr'>della</span> <span class='ocrx_word' id='word_1_322' title='bbox 1873 449 1979 481; x_wconf 80' lang='lat' dir='ltr'>Ghie-</span> 
     </span>
     <span class='ocr_line' id='line_1_61' title="bbox 1140 501 1981 544; baseline 0.002 -13"><span class='ocrx_word' id='word_1_323' title='bbox 1140 511 1187 539; x_wconf 80' lang='lat' dir='ltr'>sa,</span> <span class='ocrx_word' id='word_1_324' title='bbox 1204 507 1237 532; x_wconf 85' lang='lat' dir='ltr'>et</span> <span class='ocrx_word' id='word_1_325' title='bbox 1260 502 1290 532; x_wconf 95' lang='lat'>0&#39;</span> <span class='ocrx_word' id='word_1_326' title='bbox 1315 501 1380 533; x_wconf 85' lang='lat' dir='ltr'>che</span> <span class='ocrx_word' id='word_1_327' title='bbox 1397 501 1418 532; x_wconf 87' lang='lat' dir='ltr'>’l</span> <span class='ocrx_word' id='word_1_328' title='bbox 1442 501 1534 533; x_wconf 78' lang='lat' dir='ltr'>fosse</span> <span class='ocrx_word' id='word_1_329' title='bbox 1558 512 1624 542; x_wconf 85' lang='lat' dir='ltr'>pur</span> <span class='ocrx_word' id='word_1_330' title='bbox 1648 501 1792 544; x_wconf 85' lang='lat' dir='ltr'>bisogno</span> <span class='ocrx_word' id='word_1_331' title='bbox 1810 508 1843 533; x_wconf 83' lang='lat' dir='ltr'>et</span> <span class='ocrx_word' id='word_1_332' title='bbox 1860 513 1981 543; x_wconf 86' lang='lat' dir='ltr'>proce-</span> 
     </span>
     <span class='ocr_line' id='line_1_62' title="bbox 1140 553 1979 597; baseline 0 -13"><span class='ocrx_word' id='word_1_333' title='bbox 1140 553 1237 586; x_wconf 89' lang='lat' dir='ltr'>desse</span> <span class='ocrx_word' id='word_1_334' title='bbox 1263 555 1354 585; x_wconf 82' lang='lat' dir='ltr'>della</span> <span class='ocrx_word' id='word_1_335' title='bbox 1379 565 1474 585; x_wconf 85' lang='lat' dir='ltr'>maor</span> <span class='ocrx_word' id='word_1_336' title='bbox 1490 561 1588 596; x_wconf 80' lang='lat' dir='ltr'>parte</span> <span class='ocrx_word' id='word_1_337' title='bbox 1607 555 1640 585; x_wconf 84' lang='grc'>(11</span> <span class='ocrx_word' id='word_1_338' title='bbox 1659 555 1835 597; x_wconf 77' lang='lat' dir='ltr'>colligadi,</span> <span class='ocrx_word' id='word_1_339' title='bbox 1853 556 1895 586; x_wconf 88' lang='lat' dir='ltr'>de</span> <span class='ocrx_word' id='word_1_340' title='bbox 1914 555 1979 585; x_wconf 89' lang='lat' dir='ltr'>ini-</span> 
     </span>
     <span class='ocr_line' id='line_1_63' title="bbox 1139 606 1980 648; baseline 0.006 -12"><span class='ocrx_word' id='word_1_341' title='bbox 1139 607 1248 648; x_wconf 73' lang='lat' dir='ltr'>migar</span> <span class='ocrx_word' id='word_1_342' title='bbox 1272 614 1306 639; x_wconf 90' lang='lat' dir='ltr'>et</span> <span class='ocrx_word' id='word_1_343' title='bbox 1328 608 1489 640; x_wconf 79' lang='lat' dir='ltr'>offender</span> <span class='ocrx_word' id='word_1_344' title='bbox 1505 607 1629 639; x_wconf 86' lang='lat' dir='ltr'>mesier</span> <span class='ocrx_word' id='word_1_345' title='bbox 1645 606 1803 639; x_wconf 76' lang='lat' dir='ltr'>Bernabo</span> <span class='ocrx_word' id='word_1_346' title='bbox 1820 615 1852 639; x_wconf 76' lang='lat' dir='ltr'>et</span> <span class='ocrx_word' id='word_1_347' title='bbox 1868 618 1906 639; x_wconf 91' lang='lat' dir='ltr'>so</span> <span class='ocrx_word' id='word_1_348' title='bbox 1929 619 1980 641; x_wconf 83' lang='grc'>50-</span> 
     </span>
     <span class='ocr_line' id='line_1_64' title="bbox 1138 660 1980 704; baseline 0.002 -14"><span class='ocrx_word' id='word_1_349' title='bbox 1138 660 1239 702; x_wconf 73' lang='lat' dir='ltr'>guaci</span> <span class='ocrx_word' id='word_1_350' title='bbox 1264 667 1297 691; x_wconf 91' lang='lat' dir='ltr'>et</span> <span class='ocrx_word' id='word_1_351' title='bbox 1320 661 1512 699; x_wconf 72' lang='lat' dir='ltr'>adherenfi,</span> <span class='ocrx_word' id='word_1_352' title='bbox 1537 666 1571 692; x_wconf 90' lang='lat' dir='ltr'>et</span> <span class='ocrx_word' id='word_1_353' title='bbox 1595 662 1673 692; x_wconf 87' lang='lat' dir='ltr'>duri</span> <span class='ocrx_word' id='word_1_354' title='bbox 1690 662 1722 692; x_wconf 91' lang='lat' dir='ltr'>la</span> <span class='ocrx_word' id='word_1_355' title='bbox 1739 662 1832 692; x_wconf 78' lang='lat' dir='ltr'>dicta</span> <span class='ocrx_word' id='word_1_356' title='bbox 1850 661 1918 704; x_wconf 75' lang='lat' dir='ltr'>liga</span> <span class='ocrx_word' id='word_1_357' title='bbox 1937 662 1980 692; x_wconf 82' lang='lat' dir='ltr'>fin</span> 
     </span>
     <span class='ocr_line' id='line_1_65' title="bbox 1137 713 1981 757; baseline 0.004 -15"><span class='ocrx_word' id='word_1_358' title='bbox 1137 723 1158 742; x_wconf 88' lang='lat' dir='ltr'>a</span> <span class='ocrx_word' id='word_1_359' title='bbox 1182 713 1307 754; x_wconf 90' lang='lat' dir='ltr'>cinque</span> <span class='ocrx_word' id='word_1_360' title='bbox 1332 715 1423 745; x_wconf 86' lang='lat' dir='ltr'>anni.</span> <span class='ocrx_word' id='word_1_361' title='bbox 1470 713 1529 745; x_wconf 86' lang='lat' dir='ltr'>Ma</span> <span class='ocrx_word' id='word_1_362' title='bbox 1553 714 1655 757; x_wconf 60' lang='lat' dir='ltr'>nanei</span> <span class='ocrx_word' id='word_1_363' title='bbox 1687 714 1751 745; x_wconf 89' lang='lat' dir='ltr'>che</span> <span class='ocrx_word' id='word_1_364' title='bbox 1784 724 1846 755; x_wconf 87' lang='lat' dir='ltr'>per</span> <span class='ocrx_word' id='word_1_365' title='bbox 1877 715 1981 756; x_wconf 83' lang='lat' dir='ltr'>algun</span> 
     </span>
     <span class='ocr_line' id='line_1_66' title="bbox 1139 765 1979 809; baseline 0.001 -11"><span class='ocrx_word' id='word_1_366' title='bbox 1139 765 1175 798; x_wconf 87' lang='lat' dir='ltr'>di</span> <span class='ocrx_word' id='word_1_367' title='bbox 1193 766 1277 797; x_wconf 85' lang='lat' dir='ltr'>dicti</span> <span class='ocrx_word' id='word_1_368' title='bbox 1295 767 1420 809; x_wconf 71' lang='lat' dir='ltr'>colliga</span> <span class='ocrx_word' id='word_1_369' title='bbox 1438 778 1474 798; x_wconf 90' lang='lat' dir='ltr'>se</span> <span class='ocrx_word' id='word_1_370' title='bbox 1491 768 1700 808; x_wconf 82' lang='lat' dir='ltr'>procedesse</span> <span class='ocrx_word' id='word_1_371' title='bbox 1717 766 1762 798; x_wconf 88' lang='lat' dir='ltr'>ad</span> <span class='ocrx_word' id='word_1_372' title='bbox 1779 767 1883 809; x_wconf 70' lang='lat' dir='ltr'>aIgun</span> <span class='ocrx_word' id='word_1_373' title='bbox 1901 774 1979 799; x_wconf 83' lang='lat' dir='ltr'>acto</span> 
     </span>
     <span class='ocr_line' id='line_1_67' title="bbox 1138 820 1979 862; baseline 0 -11"><span class='ocrx_word' id='word_1_374' title='bbox 1138 820 1182 851; x_wconf 90' lang='lat' dir='ltr'>de</span> <span class='ocrx_word' id='word_1_375' title='bbox 1206 830 1340 861; x_wconf 77' lang='lat' dir='ltr'>guerra,</span> <span class='ocrx_word' id='word_1_376' title='bbox 1366 831 1426 861; x_wconf 87' lang='lat' dir='ltr'>per</span> <span class='ocrx_word' id='word_1_377' title='bbox 1450 831 1487 851; x_wconf 89' lang='lat' dir='ltr'>so</span> <span class='ocrx_word' id='word_1_378' title='bbox 1514 821 1634 858; x_wconf 89' lang='lat' dir='ltr'>honor,</span> <span class='ocrx_word' id='word_1_379' title='bbox 1651 831 1712 862; x_wconf 90' lang='lat' dir='ltr'>per</span> <span class='ocrx_word' id='word_1_380' title='bbox 1728 820 1826 852; x_wconf 87' lang='lat' dir='ltr'>messi</span> <span class='ocrx_word' id='word_1_381' title='bbox 1845 821 1887 851; x_wconf 87' lang='lat' dir='ltr'>de</span> <span class='ocrx_word' id='word_1_382' title='bbox 1904 821 1979 852; x_wconf 83' lang='lat' dir='ltr'>tutti</span> 
     </span>
     <span class='ocr_line' id='line_1_68' title="bbox 1138 873 1980 914; baseline 0.001 -11"><span class='ocrx_word' id='word_1_383' title='bbox 1138 873 1181 904; x_wconf 84' lang='lat' dir='ltr'>tri</span> <span class='ocrx_word' id='word_1_384' title='bbox 1203 873 1335 914; x_wconf 82' lang='lat' dir='ltr'>signori</span> <span class='ocrx_word' id='word_1_385' title='bbox 1354 874 1408 905; x_wconf 82' lang='lat' dir='ltr'>far</span> <span class='ocrx_word' id='word_1_386' title='bbox 1425 884 1526 905; x_wconf 84' lang='lat' dir='ltr'>saver</span> <span class='ocrx_word' id='word_1_387' title='bbox 1544 875 1576 905; x_wconf 88' lang='lat' dir='ltr'>al</span> <span class='ocrx_word' id='word_1_388' title='bbox 1595 874 1688 906; x_wconf 92' lang='lat' dir='ltr'>dicto</span> <span class='ocrx_word' id='word_1_389' title='bbox 1701 875 1826 905; x_wconf 88' lang='lat' dir='ltr'>mesier</span> <span class='ocrx_word' id='word_1_390' title='bbox 1850 874 1980 905; x_wconf 83' lang='lat' dir='ltr'>Berna-</span> 
     </span>
     <span class='ocr_line' id='line_1_69' title="bbox 1138 925 1981 969; baseline 0.001 -12"><span class='ocrx_word' id='word_1_391' title='bbox 1138 925 1181 957; x_wconf 77' lang='lat' dir='ltr'>bo</span> <span class='ocrx_word' id='word_1_392' title='bbox 1207 927 1270 957; x_wconf 91' lang='lat' dir='ltr'>che</span> <span class='ocrx_word' id='word_1_393' title='bbox 1296 927 1351 958; x_wconf 89' lang='lat' dir='ltr'>elli</span> <span class='ocrx_word' id='word_1_394' title='bbox 1379 927 1397 958; x_wconf 82' lang='grc' dir='ltr'>ὲ</span> <span class='ocrx_word' id='word_1_395' title='bbox 1423 927 1548 969; x_wconf 78' lang='lat' dir='ltr'>colliga</span> <span class='ocrx_word' id='word_1_396' title='bbox 1573 937 1639 959; x_wconf 91' lang='lat' dir='ltr'>con</span> <span class='ocrx_word' id='word_1_397' title='bbox 1662 928 1695 958; x_wconf 90' lang='lat' dir='ltr'>la</span> <span class='ocrx_word' id='word_1_398' title='bbox 1721 927 1850 959; x_wconf 84' lang='lat' dir='ltr'>Ghiesa</span> <span class='ocrx_word' id='word_1_399' title='bbox 1874 938 1918 959; x_wconf 93' lang='lat' dir='ltr'>no</span> <span class='ocrx_word' id='word_1_400' title='bbox 1937 929 1981 958; x_wconf 88' lang='lat' dir='ltr'>ad</span> 
     </span>
     <span class='ocr_line' id='line_1_70' title="bbox 1137 980 1981 1018; baseline 0.002 -9"><span class='ocrx_word' id='word_1_401' title='bbox 1137 980 1250 1010; x_wconf 70' lang='lat' dir='ltr'>offesa</span> <span class='ocrx_word' id='word_1_402' title='bbox 1274 980 1331 1011; x_wconf 90' lang='lat' dir='ltr'>del</span> <span class='ocrx_word' id='word_1_403' title='bbox 1357 981 1451 1012; x_wconf 85' lang='lat' dir='ltr'>dicto</span> <span class='ocrx_word' id='word_1_404' title='bbox 1478 981 1602 1012; x_wconf 86' lang='lat' dir='ltr'>mesier</span> <span class='ocrx_word' id='word_1_405' title='bbox 1625 981 1794 1018; x_wconf 71' lang='lat' dir='ltr'>Bernabb,</span> <span class='ocrx_word' id='word_1_406' title='bbox 1814 992 1868 1012; x_wconf 88' lang='lat' dir='ltr'>ma</span> <span class='ocrx_word' id='word_1_407' title='bbox 1886 992 1903 1012; x_wconf 90' lang='lat' dir='ltr'>a</span> <span class='ocrx_word' id='word_1_408' title='bbox 1921 991 1981 1012; x_wconf 85' lang='lat' dir='ltr'>soa</span> 
     </span>
     <span class='ocr_line' id='line_1_71' title="bbox 1138 1033 1981 1070; baseline 0.002 -7"><span class='ocrx_word' id='word_1_409' title='bbox 1138 1033 1284 1070; x_wconf 82' lang='lat' dir='ltr'>deffesa,</span> <span class='ocrx_word' id='word_1_410' title='bbox 1310 1040 1342 1064; x_wconf 85' lang='lat' dir='ltr'>et</span> <span class='ocrx_word' id='word_1_411' title='bbox 1367 1035 1431 1065; x_wconf 81' lang='lat' dir='ltr'>che</span> <span class='ocrx_word' id='word_1_412' title='bbox 1458 1035 1513 1065; x_wconf 87' lang='lat' dir='ltr'>elli</span> <span class='ocrx_word' id='word_1_413' title='bbox 1538 1035 1617 1066; x_wconf 88' lang='lat' dir='ltr'>vole</span> <span class='ocrx_word' id='word_1_414' title='bbox 1649 1044 1743 1066; x_wconf 84' lang='lat' dir='ltr'>esser</span> <span class='ocrx_word' id='word_1_415' title='bbox 1766 1045 1803 1066; x_wconf 86' lang='lat' dir='ltr'>so</span> <span class='ocrx_word' id='word_1_416' title='bbox 1827 1034 1924 1065; x_wconf 86' lang='lat' dir='ltr'>amisi</span> <span class='ocrx_word' id='word_1_417' title='bbox 1949 1040 1981 1065; x_wconf 85' lang='lat' dir='ltr'>et</span> 
     </span>
     <span class='ocr_line' id='line_1_72' title="bbox 1139 1086 1982 1124; baseline 0 -7"><span class='ocrx_word' id='word_1_418' title='bbox 1139 1086 1287 1124; x_wconf 80' lang='lat' dir='ltr'>fradelli,</span> <span class='ocrx_word' id='word_1_419' title='bbox 1313 1086 1344 1118; x_wconf 83' lang='lat' dir='ltr'>o’</span> <span class='ocrx_word' id='word_1_420' title='bbox 1369 1088 1433 1118; x_wconf 89' lang='lat' dir='ltr'>che</span> <span class='ocrx_word' id='word_1_421' title='bbox 1459 1088 1526 1119; x_wconf 88' lang='lat' dir='ltr'>ello</span> <span class='ocrx_word' id='word_1_422' title='bbox 1551 1088 1621 1118; x_wconf 78' lang='lat' dir='ltr'>faia</span> <span class='ocrx_word' id='word_1_423' title='bbox 1643 1088 1867 1119; x_wconf 82' lang='lat' dir='ltr'>liberamente</span> <span class='ocrx_word' id='word_1_424' title='bbox 1885 1087 1982 1119; x_wconf 82' lang='lat' dir='ltr'>resti-</span> 
     </span>
     <span class='ocr_line' id='line_1_73' title="bbox 1137 1141 1981 1182; baseline 0 -10"><span class='ocrx_word' id='word_1_425' title='bbox 1137 1141 1204 1172; x_wconf 89' lang='lat' dir='ltr'>tuir</span> <span class='ocrx_word' id='word_1_426' title='bbox 1219 1141 1251 1171; x_wconf 90' lang='lat' dir='ltr'>le</span> <span class='ocrx_word' id='word_1_427' title='bbox 1270 1141 1403 1182; x_wconf 74' lang='lat' dir='ltr'>fortece</span> <span class='ocrx_word' id='word_1_428' title='bbox 1420 1141 1600 1182; x_wconf 78' lang='lat' dir='ltr'>occupade</span> <span class='ocrx_word' id='word_1_429' title='bbox 1617 1152 1680 1182; x_wconf 90' lang='lat' dir='ltr'>per</span> <span class='ocrx_word' id='word_1_430' title='bbox 1698 1141 1764 1172; x_wconf 90' lang='lat' dir='ltr'>ello</span> <span class='ocrx_word' id='word_1_431' title='bbox 1781 1141 1816 1172; x_wconf 88' lang='lat' dir='ltr'>in</span> <span class='ocrx_word' id='word_1_432' title='bbox 1829 1141 1863 1172; x_wconf 93' lang='lat' dir='ltr'>lo</span> <span class='ocrx_word' id='word_1_433' title='bbox 1880 1142 1981 1172; x_wconf 66' lang='lat' dir='ltr'>conta</span> 
     </span>
     <span class='ocr_line' id='line_1_74' title="bbox 1138 1193 1982 1237; baseline 0.001 -13"><span class='ocrx_word' id='word_1_434' title='bbox 1138 1194 1180 1224; x_wconf 92' lang='lat' dir='ltr'>de</span> <span class='ocrx_word' id='word_1_435' title='bbox 1198 1193 1352 1235; x_wconf 74' lang='lat' dir='ltr'>Bologna</span> <span class='ocrx_word' id='word_1_436' title='bbox 1371 1201 1402 1224; x_wconf 81' lang='lat' dir='ltr'>et</span> <span class='ocrx_word' id='word_1_437' title='bbox 1420 1195 1462 1225; x_wconf 89' lang='lat' dir='ltr'>de</span> <span class='ocrx_word' id='word_1_438' title='bbox 1480 1195 1663 1237; x_wconf 77' lang='lat' dir='ltr'>Romagna</span> <span class='ocrx_word' id='word_1_439' title='bbox 1680 1195 1748 1226; x_wconf 81' lang='lat' dir='ltr'>alla</span> <span class='ocrx_word' id='word_1_440' title='bbox 1766 1195 1858 1227; x_wconf 84' lang='lat' dir='ltr'>dicta</span> <span class='ocrx_word' id='word_1_441' title='bbox 1877 1194 1982 1226; x_wconf 71' lang='grc'><strong>(31110-</strong></span> 
     </span>
     <span class='ocr_line' id='line_1_75' title="bbox 1137 1247 1980 1289; baseline 0.001 -12"><span class='ocrx_word' id='word_1_442' title='bbox 1137 1257 1184 1284; x_wconf 90' lang='lat' dir='ltr'>sa,</span> <span class='ocrx_word' id='word_1_443' title='bbox 1208 1257 1252 1278; x_wconf 91' lang='lat' dir='ltr'>no</span> <span class='ocrx_word' id='word_1_444' title='bbox 1278 1247 1452 1288; x_wconf 81' lang='lat' dir='ltr'>tegnando</span> <span class='ocrx_word' id='word_1_445' title='bbox 1475 1248 1509 1278; x_wconf 86' lang='lat' dir='ltr'>in</span> <span class='ocrx_word' id='word_1_446' title='bbox 1534 1248 1652 1289; x_wconf 83' lang='lat' dir='ltr'>parole</span> <span class='ocrx_word' id='word_1_447' title='bbox 1681 1248 1713 1279; x_wconf 85' lang='lat' dir='ltr'>la</span> <span class='ocrx_word' id='word_1_448' title='bbox 1744 1248 1871 1279; x_wconf 83' lang='lat' dir='ltr'>Ghiesa</span> <span class='ocrx_word' id='word_1_449' title='bbox 1897 1248 1939 1278; x_wconf 78' lang='lat' dir='ltr'>ne</span> <span class='ocrx_word' id='word_1_450' title='bbox 1970 1248 1980 1279; x_wconf 90' lang='lat' dir='ltr'>i</span> 
     </span>
     <span class='ocr_line' id='line_1_76' title="bbox 1137 1300 1983 1343; baseline 0.001 -12"><span class='ocrx_word' id='word_1_451' title='bbox 1137 1301 1212 1331; x_wconf 86' lang='lat' dir='ltr'>ditti</span> <span class='ocrx_word' id='word_1_452' title='bbox 1230 1300 1368 1343; x_wconf 67' lang='lat' dir='ltr'>colligit,</span> <span class='ocrx_word' id='word_1_453' title='bbox 1385 1301 1585 1332; x_wconf 80' lang='lat' dir='ltr'>altramente</span> <span class='ocrx_word' id='word_1_454' title='bbox 1602 1301 1660 1332; x_wconf 84' lang='lat' dir='ltr'>elli</span> <span class='ocrx_word' id='word_1_455' title='bbox 1677 1312 1721 1332; x_wconf 88' lang='lat' dir='ltr'>no</span> <span class='ocrx_word' id='word_1_456' title='bbox 1738 1311 1864 1342; x_wconf 83' lang='lat' dir='ltr'>porave</span> <span class='ocrx_word' id='word_1_457' title='bbox 1878 1300 1983 1332; x_wconf 81' lang='lat' dir='ltr'>aban-</span> 
     </span>
     <span class='ocr_line' id='line_1_77' title="bbox 1138 1354 1982 1396; baseline -0.001 -10"><span class='ocrx_word' id='word_1_458' title='bbox 1138 1356 1248 1386; x_wconf 81' lang='lat' dir='ltr'>donar</span> <span class='ocrx_word' id='word_1_459' title='bbox 1271 1354 1302 1385; x_wconf 88' lang='lat' dir='ltr'>la</span> <span class='ocrx_word' id='word_1_460' title='bbox 1327 1354 1464 1385; x_wconf 71' lang='lat' dir='ltr'>Ghiesa.</span> <span class='ocrx_word' id='word_1_461' title='bbox 1511 1355 1524 1385; x_wconf 96' lang='grc' dir='ltr'>Ι</span> <span class='ocrx_word' id='word_1_462' title='bbox 1550 1354 1642 1396; x_wconf 82' lang='lat' dir='ltr'>quali</span> <span class='ocrx_word' id='word_1_463' title='bbox 1668 1355 1768 1386; x_wconf 86' lang='lat' dir='ltr'>messi</span> <span class='ocrx_word' id='word_1_464' title='bbox 1800 1366 1864 1396; x_wconf 87' lang='lat' dir='ltr'>pur</span> <span class='ocrx_word' id='word_1_465' title='bbox 1888 1366 1982 1385; x_wconf 84' lang='lat' dir='ltr'>man-</span> 
     </span>
     <span class='ocr_line' id='line_1_78' title="bbox 1137 1407 1982 1450; baseline 0 -11"><span class='ocrx_word' id='word_1_466' title='bbox 1137 1408 1217 1439; x_wconf 89' lang='lat' dir='ltr'>dadi</span> <span class='ocrx_word' id='word_1_467' title='bbox 1242 1419 1261 1438; x_wconf 85' lang='lat' dir='ltr'>a</span> <span class='ocrx_word' id='word_1_468' title='bbox 1286 1407 1392 1439; x_wconf 81' lang='lat' dir='ltr'>Milan</span> <span class='ocrx_word' id='word_1_469' title='bbox 1427 1418 1492 1439; x_wconf 89' lang='lat' dir='ltr'>con</span> <span class='ocrx_word' id='word_1_470' title='bbox 1524 1408 1557 1438; x_wconf 83' lang='lat' dir='ltr'>la</span> <span class='ocrx_word' id='word_1_471' title='bbox 1589 1408 1682 1439; x_wconf 85' lang='lat' dir='ltr'>dicta</span> <span class='ocrx_word' id='word_1_472' title='bbox 1706 1408 1895 1439; x_wconf 79' lang='lat' dir='ltr'>ambaxada</span> <span class='ocrx_word' id='word_1_473' title='bbox 1920 1419 1982 1450; x_wconf 89' lang='lat' dir='ltr'>per</span> 
     </span>
     <span class='ocr_line' id='line_1_79' title="bbox 1136 1461 1981 1503; baseline 0.001 -11"><span class='ocrx_word' id='word_1_474' title='bbox 1136 1467 1233 1502; x_wconf 87' lang='lat' dir='ltr'>parte</span> <span class='ocrx_word' id='word_1_475' title='bbox 1259 1462 1301 1492; x_wconf 87' lang='lat' dir='ltr'>de</span> <span class='ocrx_word' id='word_1_476' title='bbox 1318 1461 1395 1492; x_wconf 80' lang='lat' dir='ltr'>tutti</span> <span class='ocrx_word' id='word_1_477' title='bbox 1412 1461 1481 1492; x_wconf 84' lang='lat' dir='ltr'>trii</span> <span class='ocrx_word' id='word_1_478' title='bbox 1506 1461 1672 1503; x_wconf 81' lang='lat' dir='ltr'>colligadi</span> <span class='ocrx_word' id='word_1_479' title='bbox 1697 1466 1731 1492; x_wconf 89' lang='lat' dir='ltr'>et</span> <span class='ocrx_word' id='word_1_480' title='bbox 1748 1461 1842 1493; x_wconf 84' lang='lat' dir='ltr'>facta</span> <span class='ocrx_word' id='word_1_481' title='bbox 1866 1472 1885 1492; x_wconf 86' lang='lat' dir='ltr'>a</span> <span class='ocrx_word' id='word_1_482' title='bbox 1910 1472 1981 1493; x_wconf 88' lang='lat' dir='ltr'>me-</span> 
     </span>
     <span class='ocr_line' id='line_1_80' title="bbox 1136 1514 1980 1556; baseline 0 -10"><span class='ocrx_word' id='word_1_483' title='bbox 1136 1515 1202 1546; x_wconf 89' lang='lat' dir='ltr'>sier</span> <span class='ocrx_word' id='word_1_484' title='bbox 1227 1514 1387 1546; x_wconf 69' lang='lat' dir='ltr'>Bernabo</span> <span class='ocrx_word' id='word_1_485' title='bbox 1404 1525 1503 1545; x_wconf 87' lang='lat' dir='ltr'>saver</span> <span class='ocrx_word' id='word_1_486' title='bbox 1527 1514 1559 1545; x_wconf 86' lang='lat' dir='ltr'>la</span> <span class='ocrx_word' id='word_1_487' title='bbox 1575 1525 1636 1546; x_wconf 87' lang='lat' dir='ltr'>soa</span> <span class='ocrx_word' id='word_1_488' title='bbox 1660 1515 1821 1556; x_wconf 81' lang='lat' dir='ltr'>vignuda‚</span> <span class='ocrx_word' id='word_1_489' title='bbox 1838 1515 1906 1547; x_wconf 89' lang='lat' dir='ltr'>ello</span> <span class='ocrx_word' id='word_1_490' title='bbox 1923 1525 1980 1547; x_wconf 92' lang='lat' dir='ltr'>co-</span> 
     </span>
     <span class='ocr_line' id='line_1_81' title="bbox 1137 1567 1982 1611; baseline 0.001 -13"><span class='ocrx_word' id='word_1_491' title='bbox 1137 1567 1264 1599; x_wconf 77' lang='lat' dir='ltr'>mando</span> <span class='ocrx_word' id='word_1_492' title='bbox 1288 1569 1352 1599; x_wconf 86' lang='lat' dir='ltr'>che</span> <span class='ocrx_word' id='word_1_493' title='bbox 1384 1568 1528 1599; x_wconf 78' lang='lat' dir='ltr'>dovesse</span> <span class='ocrx_word' id='word_1_494' title='bbox 1554 1568 1662 1599; x_wconf 85' lang='lat' dir='ltr'>andar</span> <span class='ocrx_word' id='word_1_495' title='bbox 1686 1578 1704 1598; x_wconf 92' lang='lat' dir='ltr'>a</span> <span class='ocrx_word' id='word_1_496' title='bbox 1730 1567 1798 1611; x_wconf 89' lang='lat' dir='ltr'>luy,</span> <span class='ocrx_word' id='word_1_497' title='bbox 1822 1568 1864 1598; x_wconf 74' lang='lat' dir='ltr'>ne</span> <span class='ocrx_word' id='word_1_498' title='bbox 1889 1579 1982 1600; x_wconf 91' lang='lat' dir='ltr'>com-</span> 
     </span>
     <span class='ocr_line' id='line_1_82' title="bbox 1137 1621 1979 1663; baseline 0.001 -11"><span class='ocrx_word' id='word_1_499' title='bbox 1137 1622 1235 1662; x_wconf 81' lang='lat' dir='ltr'>porto</span> <span class='ocrx_word' id='word_1_500' title='bbox 1259 1621 1364 1663; x_wconf 65' lang='grc'><strong>90100</strong></span> <span class='ocrx_word' id='word_1_501' title='bbox 1390 1621 1455 1652; x_wconf 89' lang='grc'><strong>0110</strong></span> <span class='ocrx_word' id='word_1_502' title='bbox 1474 1632 1493 1652; x_wconf 83' lang='lat' dir='ltr'>a</span> <span class='ocrx_word' id='word_1_503' title='bbox 1519 1621 1576 1663; x_wconf 89' lang='lat' dir='ltr'>luy</span> <span class='ocrx_word' id='word_1_504' title='bbox 1600 1621 1657 1652; x_wconf 90' lang='lat' dir='ltr'>elli</span> <span class='ocrx_word' id='word_1_505' title='bbox 1675 1622 1764 1653; x_wconf 71' lang='grc'><strong>10550</strong></span> <span class='ocrx_word' id='word_1_506' title='bbox 1784 1622 1815 1653; x_wconf 88' lang='lat' dir='ltr'>la</span> <span class='ocrx_word' id='word_1_507' title='bbox 1834 1632 1894 1653; x_wconf 81' lang='lat' dir='ltr'>soa</span> <span class='ocrx_word' id='word_1_508' title='bbox 1912 1633 1979 1653; x_wconf 80' lang='lat' dir='ltr'>am—</span> 
     </span>
     <span class='ocr_line' id='line_1_83' title="bbox 1137 1674 1979 1717; baseline 0 -11"><span class='ocrx_word' id='word_1_509' title='bbox 1137 1674 1282 1713; x_wconf 80' lang='lat' dir='ltr'>baxada,</span> <span class='ocrx_word' id='word_1_510' title='bbox 1308 1686 1362 1706; x_wconf 82' lang='lat' dir='ltr'>ma</span> <span class='ocrx_word' id='word_1_511' title='bbox 1386 1674 1517 1706; x_wconf 63' lang='lat' dir='ltr'>ordeni)</span> <span class='ocrx_word' id='word_1_512' title='bbox 1543 1675 1606 1706; x_wconf 84' lang='lat' dir='ltr'>che</span> <span class='ocrx_word' id='word_1_513' title='bbox 1640 1675 1698 1706; x_wconf 90' lang='lat' dir='ltr'>elli</span> <span class='ocrx_word' id='word_1_514' title='bbox 1728 1676 1760 1706; x_wconf 86' lang='lat' dir='ltr'>la</span> <span class='ocrx_word' id='word_1_515' title='bbox 1791 1686 1979 1717; x_wconf 82' lang='lat' dir='ltr'>exponesse</span> 
     </span>
     <span class='ocr_line' id='line_1_84' title="bbox 1136 1728 1980 1770; baseline 0.001 -11"><span class='ocrx_word' id='word_1_516' title='bbox 1136 1729 1180 1759; x_wconf 86' lang='lat' dir='ltr'>ad</span> <span class='ocrx_word' id='word_1_517' title='bbox 1205 1739 1250 1759; x_wconf 90' lang='lat' dir='ltr'>un</span> <span class='ocrx_word' id='word_1_518' title='bbox 1273 1738 1310 1759; x_wconf 89' lang='lat' dir='ltr'>so</span> <span class='ocrx_word' id='word_1_519' title='bbox 1335 1728 1477 1760; x_wconf 83' lang='lat' dir='ltr'>nodnro.</span> <span class='ocrx_word' id='word_1_520' title='bbox 1526 1728 1568 1759; x_wconf 88' lang='lat' dir='ltr'>Al</span> <span class='ocrx_word' id='word_1_521' title='bbox 1597 1728 1675 1770; x_wconf 86' lang='lat' dir='ltr'>qual</span> <span class='ocrx_word' id='word_1_522' title='bbox 1700 1730 1831 1760; x_wconf 85' lang='lat' dir='ltr'>nodaro</span> <span class='ocrx_word' id='word_1_523' title='bbox 1863 1730 1871 1759; x_wconf 91' lang='lat' dir='ltr'>i</span> <span class='ocrx_word' id='word_1_524' title='bbox 1898 1729 1980 1760; x_wconf 88' lang='lat' dir='ltr'>dicti</span> 
     </span>
     <span class='ocr_line' id='line_1_85' title="bbox 1136 1779 1979 1821; baseline 0 -10"><span class='ocrx_word' id='word_1_525' title='bbox 1136 1779 1333 1811; x_wconf 77' lang='lat' dir='ltr'>ambaxaori</span> <span class='ocrx_word' id='word_1_526' title='bbox 1356 1789 1418 1821; x_wconf 91' lang='lat' dir='ltr'>per</span> <span class='ocrx_word' id='word_1_527' title='bbox 1448 1780 1642 1812; x_wconf 87' lang='lat' dir='ltr'>riverencia</span> <span class='ocrx_word' id='word_1_528' title='bbox 1674 1780 1752 1811; x_wconf 88' lang='lat' dir='ltr'>dela</span> <span class='ocrx_word' id='word_1_529' title='bbox 1783 1780 1979 1812; x_wconf 82' lang='lat' dir='ltr'>ambaxaria</span> 
     </span>
     <span class='ocr_line' id='line_1_86' title="bbox 1136 1833 1979 1875; baseline 0.001 -12"><span class='ocrx_word' id='word_1_530' title='bbox 1136 1833 1310 1875; x_wconf 82' lang='lat' dir='ltr'>vignando</span> <span class='ocrx_word' id='word_1_531' title='bbox 1334 1843 1439 1875; x_wconf 75' lang='lat' dir='ltr'>senca</span> <span class='ocrx_word' id='word_1_532' title='bbox 1463 1844 1569 1874; x_wconf 79' lang='lat' dir='ltr'>paura</span> <span class='ocrx_word' id='word_1_533' title='bbox 1601 1839 1636 1865; x_wconf 86' lang='lat' dir='ltr'>et</span> <span class='ocrx_word' id='word_1_534' title='bbox 1667 1834 1699 1865; x_wconf 88' lang='lat' dir='ltr'>el</span> <span class='ocrx_word' id='word_1_535' title='bbox 1724 1834 1818 1866; x_wconf 89' lang='lat' dir='ltr'>dicto</span> <span class='ocrx_word' id='word_1_536' title='bbox 1848 1834 1979 1865; x_wconf 84' lang='lat' dir='ltr'>nodaro</span> 
     </span>
     <span class='ocr_line' id='line_1_87' title="bbox 1136 1887 1978 1929; baseline 0.002 -13"><span class='ocrx_word' id='word_1_537' title='bbox 1136 1887 1334 1918; x_wconf 80' lang='lat' dir='ltr'>mostrando</span> <span class='ocrx_word' id='word_1_538' title='bbox 1358 1887 1422 1917; x_wconf 89' lang='lat' dir='ltr'>che</span> <span class='ocrx_word' id='word_1_539' title='bbox 1449 1887 1514 1918; x_wconf 90' lang='lat' dir='ltr'>ello</span> <span class='ocrx_word' id='word_1_540' title='bbox 1531 1897 1575 1918; x_wconf 92' lang='lat' dir='ltr'>no</span> <span class='ocrx_word' id='word_1_541' title='bbox 1599 1887 1631 1918; x_wconf 88' lang='lat' dir='ltr'>ie</span> <span class='ocrx_word' id='word_1_542' title='bbox 1657 1897 1898 1929; x_wconf 81' lang='lat' dir='ltr'>coguoscesse,</span> <span class='ocrx_word' id='word_1_543' title='bbox 1922 1899 1978 1918; x_wconf 88' lang='lat' dir='ltr'>ve-</span> 
     </span>
     <span class='ocr_line' id='line_1_88' title="bbox 1136 1940 1978 1983; baseline 0 -12"><span class='ocrx_word' id='word_1_544' title='bbox 1136 1941 1224 1983; x_wconf 79' lang='lat' dir='ltr'>cudo</span> <span class='ocrx_word' id='word_1_545' title='bbox 1242 1940 1370 1981; x_wconf 73' lang='lat' dir='ltr'>perche</span> <span class='ocrx_word' id='word_1_546' title='bbox 1396 1940 1453 1971; x_wconf 90' lang='lat' dir='ltr'>elli</span> <span class='ocrx_word' id='word_1_547' title='bbox 1478 1950 1536 1971; x_wconf 84' lang='lat' dir='ltr'>era</span> <span class='ocrx_word' id='word_1_548' title='bbox 1552 1941 1682 1972; x_wconf 83' lang='lat' dir='ltr'>andadi</span> <span class='ocrx_word' id='word_1_549' title='bbox 1706 1941 1738 1972; x_wconf 68' lang='lat' dir='ltr'>la</span> <span class='ocrx_word' id='word_1_550' title='bbox 1755 1947 1788 1972; x_wconf 87' lang='lat' dir='ltr'>et</span> <span class='ocrx_word' id='word_1_551' title='bbox 1803 1941 1930 1973; x_wconf 85' lang='lat' dir='ltr'>audide</span> <span class='ocrx_word' id='word_1_552' title='bbox 1948 1941 1978 1972; x_wconf 92' lang='lat' dir='ltr'>le</span> 
     </span>
     <span class='ocr_line' id='line_1_89' title="bbox 1135 1993 1978 2036; baseline -0.001 -11"><span class='ocrx_word' id='word_1_553' title='bbox 1135 2005 1174 2025; x_wconf 91' lang='lat' dir='ltr'>so</span> <span class='ocrx_word' id='word_1_554' title='bbox 1197 1993 1406 2032; x_wconf 79' lang='lat' dir='ltr'>ambaxarie,</span> <span class='ocrx_word' id='word_1_555' title='bbox 1431 1995 1495 2025; x_wconf 86' lang='lat' dir='ltr'>che</span> <span class='ocrx_word' id='word_1_556' title='bbox 1514 1995 1663 2036; x_wconf 57' lang='lat' dir='ltr'>‚caschun</span> <span class='ocrx_word' id='word_1_557' title='bbox 1682 1995 1725 2026; x_wconf 92' lang='lat' dir='ltr'>de</span> <span class='ocrx_word' id='word_1_558' title='bbox 1743 1995 1801 2026; x_wconf 86' lang='lat' dir='ltr'>elli</span> <span class='ocrx_word' id='word_1_559' title='bbox 1818 1995 1928 2026; x_wconf 82' lang='lat' dir='ltr'>havea</span> <span class='ocrx_word' id='word_1_560' title='bbox 1945 1994 1978 2025; x_wconf 92' lang='lat' dir='ltr'>in</span> 
     </span>
     <span class='ocr_line' id='line_1_90' title="bbox 1135 2047 1978 2088; baseline 0 -10"><span class='ocrx_word' id='word_1_561' title='bbox 1135 2047 1264 2088; x_wconf 82' lang='lat' dir='ltr'>scripti,</span> <span class='ocrx_word' id='word_1_562' title='bbox 1289 2047 1377 2078; x_wconf 89' lang='lat' dir='ltr'>disse</span> <span class='ocrx_word' id='word_1_563' title='bbox 1403 2047 1468 2078; x_wconf 92' lang='lat' dir='ltr'>che</span> <span class='ocrx_word' id='word_1_564' title='bbox 1492 2048 1559 2079; x_wconf 83' lang='lat' dir='ltr'>ello</span> <span class='ocrx_word' id='word_1_565' title='bbox 1578 2049 1608 2079; x_wconf 90' lang='lat' dir='ltr'>ie</span> <span class='ocrx_word' id='word_1_566' title='bbox 1626 2048 1733 2079; x_wconf 83' lang='lat' dir='ltr'>havea</span> <span class='ocrx_word' id='word_1_567' title='bbox 1751 2047 1840 2086; x_wconf 84' lang='lat' dir='ltr'>audi,</span> <span class='ocrx_word' id='word_1_568' title='bbox 1865 2055 1898 2080; x_wconf 89' lang='lat' dir='ltr'>et</span> <span class='ocrx_word' id='word_1_569' title='bbox 1914 2049 1978 2079; x_wconf 90' lang='grc'><strong>0110</strong></span> 
     </span>
     <span class='ocr_line' id='line_1_91' title="bbox 1136 2100 1977 2142; baseline 0.001 -11"><span class='ocrx_word' id='word_1_570' title='bbox 1136 2100 1261 2142; x_wconf 85' lang='lat' dir='ltr'>quello,</span> <span class='ocrx_word' id='word_1_571' title='bbox 1287 2101 1351 2131; x_wconf 89' lang='lat' dir='ltr'>che</span> <span class='ocrx_word' id='word_1_572' title='bbox 1375 2100 1443 2132; x_wconf 85' lang='lat' dir='ltr'>ello</span> <span class='ocrx_word' id='word_1_573' title='bbox 1465 2101 1574 2131; x_wconf 85' lang='lat' dir='ltr'>havea</span> <span class='ocrx_word' id='word_1_574' title='bbox 1598 2101 1689 2138; x_wconf 83' lang='lat' dir='ltr'>audi,</span> <span class='ocrx_word' id='word_1_575' title='bbox 1721 2102 1789 2132; x_wconf 91' lang='lat' dir='ltr'>ello</span> <span class='ocrx_word' id='word_1_576' title='bbox 1821 2102 1977 2132; x_wconf 85' lang='lat' dir='ltr'>redirave</span> 
     </span>
     <span class='ocr_line' id='line_1_92' title="bbox 1136 2153 1977 2196; baseline 0 -12"><span class='ocrx_word' id='word_1_577' title='bbox 1136 2153 1168 2184; x_wconf 88' lang='lat' dir='ltr'>al</span> <span class='ocrx_word' id='word_1_578' title='bbox 1184 2164 1221 2185; x_wconf 89' lang='lat' dir='ltr'>so</span> <span class='ocrx_word' id='word_1_579' title='bbox 1239 2154 1387 2196; x_wconf 84' lang='lat' dir='ltr'>signore.</span> <span class='ocrx_word' id='word_1_580' title='bbox 1427 2154 1471 2185; x_wconf 81' lang='lat' dir='ltr'>Et</span> <span class='ocrx_word' id='word_1_581' title='bbox 1496 2154 1631 2185; x_wconf 75' lang='lat' dir='ltr'>tornadi</span> <span class='ocrx_word' id='word_1_582' title='bbox 1650 2154 1659 2184; x_wconf 91' lang='lat' dir='ltr'>i</span> <span class='ocrx_word' id='word_1_583' title='bbox 1676 2154 1762 2186; x_wconf 89' lang='lat' dir='ltr'>dicti</span> <span class='ocrx_word' id='word_1_584' title='bbox 1781 2153 1977 2185; x_wconf 77' lang='lat' dir='ltr'>ambaxaori</span> 
     </span>
     <span class='ocr_line' id='line_1_93' title="bbox 1136 2207 1977 2245; baseline -0.001 -6"><span class='ocrx_word' id='word_1_585' title='bbox 1136 2207 1203 2239; x_wconf 88' lang='lat' dir='ltr'>alla</span> <span class='ocrx_word' id='word_1_586' title='bbox 1228 2208 1387 2244; x_wconf 85' lang='lat' dir='ltr'>hostaria,</span> <span class='ocrx_word' id='word_1_587' title='bbox 1412 2208 1444 2238; x_wconf 90' lang='lat' dir='ltr'>el</span> <span class='ocrx_word' id='word_1_588' title='bbox 1469 2208 1505 2239; x_wconf 76' lang='lat' dir='ltr'>fo</span> <span class='ocrx_word' id='word_1_589' title='bbox 1530 2209 1711 2245; x_wconf 62' lang='lat' dir='ltr'>comancffl,</span> <span class='ocrx_word' id='word_1_590' title='bbox 1728 2210 1793 2239; x_wconf 88' lang='lat' dir='ltr'>che</span> <span class='ocrx_word' id='word_1_591' title='bbox 1810 2208 1867 2239; x_wconf 89' lang='lat' dir='ltr'>elli</span> <span class='ocrx_word' id='word_1_592' title='bbox 1883 2219 1927 2239; x_wconf 90' lang='lat' dir='ltr'>no</span> <span class='ocrx_word' id='word_1_593' title='bbox 1942 2219 1977 2239; x_wconf 86' lang='lat' dir='ltr'>se</span> 
     </span>
     <span class='ocr_line' id='line_1_94' title="bbox 1136 2260 1977 2304; baseline 0.001 -13"><span class='ocrx_word' id='word_1_594' title='bbox 1136 2260 1278 2292; x_wconf 85' lang='lat' dir='ltr'>dovesse</span> <span class='ocrx_word' id='word_1_595' title='bbox 1304 2262 1411 2302; x_wconf 86' lang='lat' dir='ltr'>partir</span> <span class='ocrx_word' id='word_1_596' title='bbox 1436 2262 1479 2293; x_wconf 91' lang='lat' dir='ltr'>de</span> <span class='ocrx_word' id='word_1_597' title='bbox 1504 2261 1545 2292; x_wconf 69' lang='lat' dir='ltr'>la.</span> <span class='ocrx_word' id='word_1_598' title='bbox 1585 2261 1634 2293; x_wconf 89' lang='lat' dir='ltr'>Le</span> <span class='ocrx_word' id='word_1_599' title='bbox 1652 2262 1732 2304; x_wconf 85' lang='lat' dir='ltr'>qual</span> <span class='ocrx_word' id='word_1_600' title='bbox 1749 2272 1827 2293; x_wconf 93' lang='lat' dir='ltr'>cose</span> <span class='ocrx_word' id='word_1_601' title='bbox 1845 2262 1899 2302; x_wconf 88' lang='lat' dir='ltr'>po&#39;</span> <span class='ocrx_word' id='word_1_602' title='bbox 1916 2273 1977 2303; x_wconf 85' lang='lat' dir='ltr'>per</span> 
     </span>
     <span class='ocr_line' id='line_1_95' title="bbox 1136 2313 1977 2352; baseline 0.002 -8"><span class='ocrx_word' id='word_1_603' title='bbox 1136 2313 1168 2345; x_wconf 91' lang='lat' dir='ltr'>lo</span> <span class='ocrx_word' id='word_1_604' title='bbox 1192 2315 1287 2346; x_wconf 83' lang='lat' dir='ltr'>dicto</span> <span class='ocrx_word' id='word_1_605' title='bbox 1305 2315 1436 2346; x_wconf 85' lang='lat' dir='ltr'>nodaro</span> <span class='ocrx_word' id='word_1_606' title='bbox 1452 2315 1607 2346; x_wconf 86' lang='lat' dir='ltr'>recitade</span> <span class='ocrx_word' id='word_1_607' title='bbox 1633 2326 1653 2346; x_wconf 87' lang='lat' dir='ltr'>a</span> <span class='ocrx_word' id='word_1_608' title='bbox 1669 2316 1792 2347; x_wconf 89' lang='lat' dir='ltr'>mesier</span> <span class='ocrx_word' id='word_1_609' title='bbox 1810 2315 1977 2352; x_wconf 71' lang='lat' dir='ltr'>Bernabb,</span> 
     </span>
     <span class='ocr_line' id='line_1_96' title="bbox 1134 2367 1976 2410; baseline 0.001 -12"><span class='ocrx_word' id='word_1_610' title='bbox 1134 2368 1393 2405; x_wconf 75' lang='lat' dir='ltr'>incontenente‚</span> <span class='ocrx_word' id='word_1_611' title='bbox 1416 2367 1521 2409; x_wconf 87' lang='lat' dir='ltr'>pieno</span> <span class='ocrx_word' id='word_1_612' title='bbox 1547 2369 1632 2399; x_wconf 78' lang='lat' dir='ltr'>d’ira</span> <span class='ocrx_word' id='word_1_613' title='bbox 1656 2374 1689 2399; x_wconf 85' lang='lat' dir='ltr'>et</span> <span class='ocrx_word' id='word_1_614' title='bbox 1706 2379 1804 2400; x_wconf 89' lang='lat' dir='ltr'>como</span> <span class='ocrx_word' id='word_1_615' title='bbox 1821 2369 1902 2410; x_wconf 88' lang='lat' dir='ltr'>lyon</span> <span class='ocrx_word' id='word_1_616' title='bbox 1917 2379 1976 2399; x_wconf 83' lang='lat' dir='ltr'>an-</span> 
     </span>
     <span class='ocr_line' id='line_1_97' title="bbox 1137 2421 1976 2463; baseline -0.001 -11"><span class='ocrx_word' id='word_1_617' title='bbox 1137 2421 1251 2452; x_wconf 85' lang='lat' dir='ltr'>dando</span> <span class='ocrx_word' id='word_1_618' title='bbox 1275 2421 1477 2452; x_wconf 67' lang='lat' dir='ltr'>smaniaixdo</span> <span class='ocrx_word' id='word_1_619' title='bbox 1502 2432 1564 2463; x_wconf 84' lang='lat' dir='ltr'>per</span> <span class='ocrx_word' id='word_1_620' title='bbox 1590 2421 1620 2452; x_wconf 87' lang='lat' dir='ltr'>la</span> <span class='ocrx_word' id='word_1_621' title='bbox 1644 2432 1781 2453; x_wconf 80' lang='lat' dir='ltr'>camera</span> <span class='ocrx_word' id='word_1_622' title='bbox 1806 2429 1839 2453; x_wconf 88' lang='lat' dir='ltr'>et</span> <span class='ocrx_word' id='word_1_623' title='bbox 1855 2421 1976 2463; x_wconf 81' lang='lat' dir='ltr'>digan-</span> 
     </span>
     <span class='ocr_line' id='line_1_98' title="bbox 1136 2473 1976 2515; baseline 0.001 -11"><span class='ocrx_word' id='word_1_624' title='bbox 1136 2473 1180 2505; x_wconf 94' lang='lat' dir='ltr'>do</span> <span class='ocrx_word' id='word_1_625' title='bbox 1208 2485 1273 2515; x_wconf 88' lang='lat' dir='ltr'>pur</span> <span class='ocrx_word' id='word_1_626' title='bbox 1303 2475 1422 2515; x_wconf 85' lang='lat' dir='ltr'>parole</span> <span class='ocrx_word' id='word_1_627' title='bbox 1454 2475 1485 2506; x_wconf 85' lang='lat' dir='ltr'>ai</span> <span class='ocrx_word' id='word_1_628' title='bbox 1519 2475 1622 2506; x_wconf 88' lang='lat' dir='ltr'>danni</span> <span class='ocrx_word' id='word_1_629' title='bbox 1656 2476 1712 2506; x_wconf 87' lang='lat' dir='ltr'>dei</span> <span class='ocrx_word' id='word_1_630' title='bbox 1744 2475 1827 2506; x_wconf 85' lang='lat' dir='ltr'>dicti</span> <span class='ocrx_word' id='word_1_631' title='bbox 1860 2475 1976 2506; x_wconf 83' lang='lat' dir='ltr'>amba-</span> 
     </span>
     <span class='ocr_line' id='line_1_99' title="bbox 1134 2527 1976 2570; baseline -0.001 -12"><span class='ocrx_word' id='word_1_632' title='bbox 1134 2527 1242 2564; x_wconf 72' lang='lat' dir='ltr'>xzmri,</span> <span class='ocrx_word' id='word_1_633' title='bbox 1266 2538 1364 2558; x_wconf 89' lang='lat' dir='ltr'>come</span> <span class='ocrx_word' id='word_1_634' title='bbox 1396 2539 1431 2559; x_wconf 86' lang='lat' dir='ltr'>se</span> <span class='ocrx_word' id='word_1_635' title='bbox 1460 2528 1547 2559; x_wconf 85' lang='lat' dir='ltr'>have</span> <span class='ocrx_word' id='word_1_636' title='bbox 1580 2528 1636 2570; x_wconf 88' lang='lat' dir='ltr'>po&#39;</span> <span class='ocrx_word' id='word_1_637' title='bbox 1667 2539 1728 2569; x_wconf 88' lang='lat' dir='ltr'>per</span> <span class='ocrx_word' id='word_1_638' title='bbox 1762 2529 1768 2558; x_wconf 87' lang='lat' dir='ltr'>i</span> <span class='ocrx_word' id='word_1_639' title='bbox 1800 2539 1837 2559; x_wconf 92' lang='lat' dir='ltr'>so</span> <span class='ocrx_word' id='word_1_640' title='bbox 1869 2528 1976 2564; x_wconf 81' lang='lat' dir='ltr'>famii,</span> 
     </span>
     <span class='ocr_line' id='line_1_100' title="bbox 1137 2580 1977 2622; baseline 0.001 -11"><span class='ocrx_word' id='word_1_641' title='bbox 1137 2580 1202 2612; x_wconf 88' lang='lat' dir='ltr'>ello</span> <span class='ocrx_word' id='word_1_642' title='bbox 1228 2580 1273 2612; x_wconf 80' lang='lat' dir='ltr'>fe&#39;</span> <span class='ocrx_word' id='word_1_643' title='bbox 1299 2581 1498 2619; x_wconf 86' lang='lat' dir='ltr'>comandar,</span> <span class='ocrx_word' id='word_1_644' title='bbox 1522 2583 1586 2613; x_wconf 88' lang='lat' dir='ltr'>che</span> <span class='ocrx_word' id='word_1_645' title='bbox 1612 2592 1655 2612; x_wconf 90' lang='lat' dir='ltr'>no</span> <span class='ocrx_word' id='word_1_646' title='bbox 1680 2592 1715 2612; x_wconf 90' lang='lat' dir='ltr'>se</span> <span class='ocrx_word' id='word_1_647' title='bbox 1742 2581 1883 2613; x_wconf 82' lang='lat' dir='ltr'>dovesse</span> <span class='ocrx_word' id='word_1_648' title='bbox 1900 2592 1977 2622; x_wconf 84' lang='lat' dir='ltr'>par-</span> 
     </span>
     <span class='ocr_line' id='line_1_101' title="bbox 1136 2634 1975 2676; baseline -0.001 -11"><span class='ocrx_word' id='word_1_649' title='bbox 1136 2634 1179 2665; x_wconf 91' lang='lat' dir='ltr'>tir</span> <span class='ocrx_word' id='word_1_650' title='bbox 1202 2634 1294 2666; x_wconf 88' lang='lat' dir='ltr'>della</span> <span class='ocrx_word' id='word_1_651' title='bbox 1318 2645 1453 2665; x_wconf 84' lang='lat' dir='ltr'>camera</span> <span class='ocrx_word' id='word_1_652' title='bbox 1478 2635 1521 2666; x_wconf 85' lang='lat' dir='ltr'>de</span> <span class='ocrx_word' id='word_1_653' title='bbox 1554 2635 1730 2676; x_wconf 74' lang='lat' dir='ltr'>1’albergo,</span> <span class='ocrx_word' id='word_1_654' title='bbox 1760 2635 1790 2665; x_wconf 79' lang='lat' dir='ltr'>O’</span> <span class='ocrx_word' id='word_1_655' title='bbox 1823 2636 1887 2666; x_wconf 85' lang='lat' dir='ltr'>che</span> <span class='ocrx_word' id='word_1_656' title='bbox 1918 2635 1975 2666; x_wconf 89' lang='lat' dir='ltr'>elli</span> 
     </span>
     <span class='ocr_line' id='line_1_102' title="bbox 1136 2688 1974 2730; baseline 0.001 -12"><span class='ocrx_word' id='word_1_657' title='bbox 1136 2698 1194 2718; x_wconf 89' lang='lat' dir='ltr'>era</span> <span class='ocrx_word' id='word_1_658' title='bbox 1217 2688 1362 2725; x_wconf 76' lang='lat' dir='ltr'>arivadi,</span> <span class='ocrx_word' id='word_1_659' title='bbox 1388 2699 1449 2729; x_wconf 89' lang='lat' dir='ltr'>per</span> <span class='ocrx_word' id='word_1_660' title='bbox 1479 2688 1582 2730; x_wconf 65' lang='lat' dir='ltr'>algun</span> <span class='ocrx_word' id='word_1_661' title='bbox 1606 2690 1718 2719; x_wconf 84' lang='lat' dir='ltr'>modo.</span> <span class='ocrx_word' id='word_1_662' title='bbox 1766 2688 1805 2719; x_wconf 85' lang='lat' dir='ltr'>El</span> <span class='ocrx_word' id='word_1_663' title='bbox 1824 2689 1900 2729; x_wconf 84' lang='lat' dir='ltr'>qual</span> <span class='ocrx_word' id='word_1_664' title='bbox 1919 2698 1974 2719; x_wconf 90' lang='lat' dir='ltr'>co-</span> 
     </span>
     <span class='ocr_line' id='line_1_103' title="bbox 1136 2740 1975 2779; baseline 0.001 -8"><span class='ocrx_word' id='word_1_665' title='bbox 1136 2740 1378 2772; x_wconf 82' lang='lat' dir='ltr'>mandamento</span> <span class='ocrx_word' id='word_1_666' title='bbox 1403 2742 1543 2779; x_wconf 77' lang='lat' dir='ltr'>audido,</span> <span class='ocrx_word' id='word_1_667' title='bbox 1568 2742 1576 2771; x_wconf 89' lang='lat' dir='ltr'>i</span> <span class='ocrx_word' id='word_1_668' title='bbox 1601 2742 1685 2772; x_wconf 86' lang='lat' dir='ltr'>dicti</span> <span class='ocrx_word' id='word_1_669' title='bbox 1713 2741 1907 2772; x_wconf 76' lang='lat' dir='ltr'>ambaxaori</span> <span class='ocrx_word' id='word_1_670' title='bbox 1932 2751 1975 2772; x_wconf 90' lang='lat' dir='ltr'>no</span> 
     </span>
     <span class='ocr_line' id='line_1_104' title="bbox 1136 2793 1977 2834; baseline 0.001 -10"><span class='ocrx_word' id='word_1_671' title='bbox 1136 2793 1172 2825; x_wconf 81' lang='lat' dir='ltr'>fo</span> <span class='ocrx_word' id='word_1_672' title='bbox 1197 2794 1311 2834; x_wconf 90' lang='lat' dir='ltr'>pocho</span> <span class='ocrx_word' id='word_1_673' title='bbox 1335 2795 1488 2831; x_wconf 86' lang='lat' dir='ltr'>smaridi,</span> <span class='ocrx_word' id='word_1_674' title='bbox 1512 2796 1537 2826; x_wconf 81' lang='grc'>51</span> <span class='ocrx_word' id='word_1_675' title='bbox 1562 2795 1814 2826; x_wconf 87' lang='lat' dir='ltr'>considerando</span> <span class='ocrx_word' id='word_1_676' title='bbox 1832 2795 1862 2825; x_wconf 87' lang='lat' dir='ltr'>el</span> <span class='ocrx_word' id='word_1_677' title='bbox 1880 2795 1977 2825; x_wconf 74' lang='lat' dir='ltr'>furor</span> 
     </span>
     <span class='ocr_line' id='line_1_105' title="bbox 1137 2846 1975 2888; baseline 0 -11"><span class='ocrx_word' id='word_1_678' title='bbox 1137 2846 1179 2878; x_wconf 92' lang='lat' dir='ltr'>de</span> <span class='ocrx_word' id='word_1_679' title='bbox 1203 2847 1328 2878; x_wconf 87' lang='lat' dir='ltr'>mesier</span> <span class='ocrx_word' id='word_1_680' title='bbox 1352 2847 1521 2882; x_wconf 73' lang='lat' dir='ltr'>Bernabo,</span> <span class='ocrx_word' id='word_1_681' title='bbox 1545 2847 1573 2878; x_wconf 84' lang='lat' dir='ltr'>si</span> <span class='ocrx_word' id='word_1_682' title='bbox 1597 2847 1746 2878; x_wconf 79' lang='lat' dir='ltr'>etianclio</span> <span class='ocrx_word' id='word_1_683' title='bbox 1770 2846 1898 2888; x_wconf 78' lang='lat' dir='ltr'>perche</span> <span class='ocrx_word' id='word_1_684' title='bbox 1918 2857 1975 2878; x_wconf 88' lang='lat' dir='ltr'>co-</span> 
     </span>
    </p>
   </div>
  </div>
 </body>
</html>
