2422 3684
532 227 704 263 GESTA
733 227 1036 264 MAGNIFICA
1066 227 1249 264 DOMUS
1279 226 1664 264 CARRARIENSIS
1971 230 2014 263 13

180 367 215 394 et
236 361 444 394 dextrarium
467 361 660 392 ascendens
684 361 885 393 militaribus
903 361 1004 393 armis
1022 362 1218 399 decoratus,
1238 366 1404 403 quantum
1430 370 1622 402 generosus
1638 360 1756 391 facere
1772 366 1896 402 potest,
1921 370 2020 403 egre—

176 415 232 457 gie
256 421 291 447 et
313 415 535 447 laudabiliter
557 424 593 445 se
618 413 788 446 defendit.
835 413 898 446 Set
921 415 1191 456 superveniente
1216 424 1397 446 numerosa
1420 413 1481 444 illa
1503 413 1660 454 peditum
1686 413 1918 450 multitudine,
1943 424 2021 445 mox

181 469 276 500 locus
299 468 452 510 undique
478 467 758 505 circumvenitur,
782 467 901 509 sicque
925 469 970 499 ad
995 473 1186 499 extremum
1211 467 1310 498 miles
1336 467 1539 510 magnificus
1562 466 1721 498 dominus
1745 467 1892 499 Iacobus
1915 467 2022 498 inter-

179 521 315 560 cipitur,
341 520 454 552 multis
477 526 591 552 tamen
615 519 658 551 ab
683 520 756 560 ipso
781 527 860 551 ante
887 520 1075 560 prostratis.
1111 521 1253 552 Interim
1278 520 1411 552 nobiles
1427 520 1566 550 domine
1586 520 1629 551 de
1647 519 1820 557 Carraria,
1838 529 1904 560 que
1922 524 2021 550 erant

137 573 154 604 5
179 574 215 605 in
238 581 363 611 castro,
388 583 582 614 supremum
609 573 674 604 loci
700 573 859 604 videntes
884 574 1068 610 excidium,
1094 574 1288 616 aliquorum
1312 583 1450 604 suorum
1476 574 1645 613 consultu,
1662 582 1739 603 cum
1764 573 1930 613 preciosis
1953 572 2022 603 suis

183 628 348 665 vestibuS‚
365 637 447 658 auro
472 632 506 657 et
530 632 672 668 argento
699 636 844 667 cumque
862 626 1020 658 omnibus
1044 626 1184 663 iuribus,
1209 626 1444 658 instrumentis
1467 632 1501 657 et
1524 625 1762 667 imperialibus
1787 625 1886 667 quasi
1912 625 2022 657 omni-

186 680 249 712 bus
271 679 471 721 privilegiis,
499 679 621 720 quibus
654 679 836 720 magnilica
867 680 988 710 domus
1022 679 1065 711 de
1099 679 1261 711 Carraria
1294 690 1312 711 a
1341 678 1578 710 vetustissimis
1609 678 1725 710 fuerat
1755 678 2022 720 imperatoribus

184 733 305 765 dotata
327 733 363 763 in
392 732 684 774 preeminenciam
707 742 766 763 sue
792 742 958 773 generose
983 733 1185 770 nobilitatis,
1203 733 1361 764 volentes
1384 743 1420 764 se
1443 732 1584 764 instanti
1607 732 1757 764 eximere
1783 732 1949 773 periculo,
1979 733 2023 763 ad

182 786 371 819 subsidium
388 786 597 817 festinanter
613 785 820 827 confugiunt
838 786 1015 817 cuiusdam
1042 785 1211 822 navicule,
1236 797 1302 827 que
1325 785 1373 817 ibi
1391 791 1463 818 erat
1479 786 1516 817 in
1533 786 1709 827 profundo
1727 786 1863 827 gurgite
1880 796 1900 816 a
1916 785 2022 816 latere

120 840 157 870 10
182 839 297 871 castri.
343 839 446 871 Hauc
469 839 664 870 naviculam
690 848 732 870 ex
757 838 962 880 frequencia
985 839 1098 871 minus
1123 849 1224 881 quam
1250 839 1398 871 discrete
1426 839 1606 876 intrantes,
1632 849 1676 871 ex
1700 839 1872 880 parvitate
1896 849 1956 870 sua
1990 844 2023 870 et

181 903 405 934 personarum
429 897 464 923 et
486 903 602 923 rerum
626 891 846 923 multitudine
872 891 1042 923 titubante
1062 892 1233 929 navicula,
1257 902 1338 923 mox
1363 891 1501 924 domine
1525 892 1598 933 ipse
1624 901 1702 923 cum
1728 891 1887 923 omnibus
1911 897 2024 923 astan-

181 946 270 977 tibus
294 946 396 977 rebus
420 945 490 976 suis
515 944 705 986 privilegus
736 950 771 976 et
794 944 925 976 iuribus
958 945 1078 976 domus
1109 944 1152 976 de
1186 944 1348 979 Carraria
1380 945 1414 976 in
1445 945 1593 987 gurgitis
1623 944 1836 986 profundum
1870 955 2022 976 sumerse

182 1005 396 1035 corruerunt,
421 1008 506 1040 quas
529 1004 648 1040 gentes
672 1003 730 1028 aut
756 997 953 1029 naviculam
977 1003 1035 1029 aut
1058 999 1210 1039 ipsarum
1234 998 1385 1040 aliquam
1405 1009 1578 1040 nunquam
1596 997 1721 1030 deinde
1739 998 1859 1030 oculus
1876 998 2023 1039 aspexit,

183 1053 242 1095 qui
264 1062 390 1094 gurges
414 1053 456 1083 ab
480 1051 541 1082 illa
559 1051 613 1083 die
632 1050 719 1082 citra
738 1051 961 1082 Dominarum
985 1060 1112 1093 gurges
1138 1062 1265 1083 nomen
1288 1052 1438 1092 accepit,
1461 1053 1554 1094 quod
1579 1062 1705 1083 nomen
1730 1051 1765 1083 in
1789 1051 1883 1083 diem
1908 1058 2025 1083 servat

124 1105 161 1137 15
186 1105 401 1137 hodiernum.
448 1104 525 1136 Fuit
549 1110 664 1135 autem
688 1104 768 1146 ipsa,
787 1104 954 1134 sumersio
980 1105 1120 1145 antique
1146 1104 1334 1136 nobilitatis
1365 1110 1398 1136 et
1422 1104 1547 1136 iurium
1572 1104 1615 1136 de
1646 1104 1807 1136 Carraria
1831 1105 2025 1137 obscuritas

186 1159 407 1199 permaxima,
430 1168 509 1189 cum
533 1168 600 1200 qua
624 1163 674 1188 tot
699 1158 807 1198 ipsius
831 1157 952 1188 domus
975 1157 1167 1198 imperialia
1193 1157 1380 1199 privilegia
1413 1163 1630 1190 corruerunt.
1678 1158 1759 1189 Post
1783 1165 1895 1189 autem
1921 1158 2021 1201 Agne

184 1211 383 1252 captionem
409 1210 609 1253 magnificus
633 1210 731 1241 miles
756 1210 914 1241 dominus
937 1209 1084 1241 Iacobus
1109 1210 1152 1241 de
1177 1210 1336 1242 Carraria
1361 1211 1502 1242 vestitus
1527 1211 1626 1253 nigra
1643 1221 1755 1252 cappa
1781 1211 1825 1242 ad
1850 1211 2023 1242 civitatem

186 1265 326 1297 ducitur
348 1263 518 1296 detentus.
565 1265 689 1295 Fertur
713 1264 803 1295 enim
827 1263 922 1306 quod
946 1263 1023 1294 talis
1048 1274 1119 1294 mos
1143 1264 1185 1295 sit
1209 1265 1356 1305 imperii,
1381 1274 1460 1296 cum
1477 1265 1664 1307 pugnando
1681 1265 1884 1307 magnificus
1901 1265 2024 1306 aliquis

185 1319 330 1359 capitur,
355 1318 412 1359 qui
436 1317 655 1349 rebellaverit
679 1317 832 1358 imperio,
859 1316 963 1358 quod,
982 1317 1081 1359 nigra
1098 1327 1211 1358 cappa
1234 1318 1385 1356 vestitus,
1402 1318 1431 1348 is
1455 1319 1497 1348 ad
1525 1318 1731 1359 supplicium
1754 1319 1894 1349 ducitur
1911 1324 2024 1350 extre-

122 1372 164 1402 20
188 1383 290 1408 mum,
315 1371 384 1407 ubi,
408 1372 498 1402 sicut
521 1370 631 1402 virum
656 1371 757 1402 decet
781 1370 943 1408 nobilem,
967 1370 1004 1401 in
1029 1370 1148 1401 habitu
1174 1370 1232 1401 tali
1264 1371 1440 1402 sentencia
1465 1371 1630 1412 plectitur
1655 1371 1806 1413 capitali,
1853 1372 2024 1414 Fecitque

187 1424 281 1456 idem
304 1424 464 1455 dominus
488 1424 691 1455 Thebaldus
709 1423 916 1455 Franciscus
931 1422 938 1438 ¹
966 1433 1027 1464 per
1044 1424 1132 1454 viam
1150 1424 1261 1454 sancti
1279 1423 1439 1456 Iohannis
1457 1434 1475 1454 a
1492 1424 1636 1455 navibus
1654 1424 1719 1456 iter
1743 1435 1852 1462 suum,
1877 1435 2024 1466 cumque

189 1487 292 1519 super
313 1483 419 1518 ponte
445 1477 553 1508 sancti
578 1477 740 1508 Iohannis
757 1476 850 1508 foret
866 1486 934 1507 una
952 1486 1027 1507 cum
1046 1477 1139 1507 dicto
1164 1475 1304 1508 domino
1321 1477 1449 1508 Iacobo
1474 1478 1516 1508 de
1541 1477 1702 1509 Carraria
1718 1478 1767 1509 sic
1791 1477 1935 1510 detento
1954 1478 2028 1509 vel-

188 1531 304 1573 letque
326 1531 438 1570 ipsum
463 1529 682 1562 introducere
707 1529 892 1566 civitatem,
910 1529 1049 1572 quidam
1068 1529 1283 1571 propinquus
1300 1529 1405 1570 ipsius
1423 1530 1553 1561 domini
1570 1530 1686 1562 Iacobi
1704 1530 1841 1562 illorum
1858 1532 1899 1563 de
1925 1530 2026 1563 Mon-

189 1590 352 1626 tagnone‚
370 1584 428 1626 qui
444 1594 524 1615 cum
539 1584 615 1624 ipso
640 1583 778 1614 domino
803 1583 931 1614 Iacobo
949 1593 1016 1614 non
1035 1588 1109 1614 erat
1126 1583 1159 1613 in
1176 1583 1305 1624 gracia,
1324 1583 1416 1624 cepit
1441 1593 1558 1614 coram
1574 1583 1650 1624 ipso
1676 1585 1817 1615 domino
1842 1585 2024 1616 Thebaldo

123 1637 163 1668 25
188 1637 376 1668 Francisco
400 1637 550 1668 clamare
574 1647 662 1668 voce
687 1646 830 1679 magna:
861 1638 874 1652 ‘⁴
890 1636 1065 1667 Putatisne
1092 1636 1267 1667 dominum
1292 1637 1455 1668 Iacobum
1481 1647 1581 1677 posse
1606 1637 1778 1668 civitatem
1802 1638 2026 1670 introducere

194 1689 420 1732 “captivum?
445 1690 606 1722 mulieres
630 1690 755 1721 nedum
778 1689 842 1720 viri
866 1689 945 1730 (nec
968 1689 1104 1720 obstare
1130 1696 1244 1720 vestra
1262 1690 1389 1731 poterit
1406 1690 1583 1731 potencia)
1606 1691 1717 1731 ipsum
1735 1691 1769 1722 vi
1794 1691 1892 1723 nobis
1917 1693 2026 1724 auffe-

195 1745 343 1783 “runt„.
390 1744 442 1775 Ex
474 1754 541 1786 quo
566 1744 726 1775 dominus
748 1742 951 1774 T'nebaldus
977 1743 1181 1774 Franciscus
1211 1749 1330 1784 aperte
1363 1753 1578 1786 cognoscens
1602 1744 1812 1775 voluntatem
1845 1745 1964 1786 populi
1994 1752 2029 1777 et

190 1803 353 1839 quantum
378 1796 538 1839 prosapia
562 1796 794 1842 Carrariensis
818 1797 851 1828 in
875 1796 994 1828 Padua
1025 1796 1243 1838 diligebatur,
1268 1806 1337 1827 non
1370 1797 1499 1827 audens
1522 1797 1631 1837 ipsum
1664 1797 1838 1828 dominum
1864 1798 2025 1830 Iacobum

186 1850 410 1882 introducere
435 1850 622 1888 civitatem,
646 1860 751 1891 super
781 1855 885 1891 ponte
917 1850 1030 1881 sancti
1062 1850 1226 1881 iohannis
1255 1850 1355 1881 iussit
1384 1850 1494 1890 ipsum
1527 1850 1704 1881 decollari.
1752 1851 1811 1882 Sic
1843 1852 2026 1894 magnifico

123 1903 165 1935 30
189 1903 328 1935 domino
353 1903 480 1934 Iacobo
504 1902 662 1946 Eccelini
686 1903 806 1934 timore
825 1908 859 1934 et
876 1903 956 1934 odio
972 1903 1141 1934 immerite
1160 1903 1271 1933 extitit
1289 1903 1357 1932 vite
1377 1902 1462 1934 finis.
1509 1903 1593 1934 Post
1608 1903 1704 1934 cuius
1720 1910 1875 1943 mortem,
1893 1905 2027 1936 cunctis

187 1956 456 1988 condolentibus
480 1956 651 1987 nobilibus
675 1961 709 1987 et
732 1956 848 1988 Padue
874 1955 1017 1992 civibus,
1046 1955 1152 1997 ipsius
1183 1966 1310 1996 corpus
1341 1956 1493 1986 delatum
1524 1956 1592 1987 fuit
1622 1957 1667 1988 ad
1699 1957 1883 1988 ecclesiam
1917 1959 2027 1990 sancti

188 2009 352 2040 Iohannis
376 2020 396 2040 a
419 2010 574 2047 navibus,
599 2009 657 2040 ubi
681 2009 888 2041 hodiernum
913 2010 947 2040 in
971 2010 1059 2040 diem
1086 2009 1122 2040 in
1146 2019 1233 2051 pace
1258 2009 1414 2051 quiescit.

641 2143 686 2174 X.
713 2160 749 2165 —
776 2143 942 2174 Dominus
970 2143 1146 2174 zllarsz'lz'zcs
1170 2147 1202 2174 et
1227 2143 1403 2173 lacobz'nus
1426 2141 1567 2180 fi‘atrcs.

276 2233 326 2264 20.
351 2232 430 2274 [37].
444 2249 484 2254 -
500 2231 603 2264 Anno
618 2231 757 2264 Domini
781 2231 990 2264 MCCXXX
1009 2233 1147 2264 domino
1169 2231 1349 2263 Albertino
1368 2232 1428 2262 filii
1445 2238 1697 2271 successerunt,
1715 2243 1857 2275 quorum
1875 2233 2026 2271 ultimus,

121 2284 162 2316 35
186 2284 350 2317 videlicet
373 2286 530 2318 dominus
552 2285 746 2322 Iacobinus‚
771 2285 947 2327 Papafave
964 2286 1095 2326 primus
1112 2295 1306 2327 cognomen
1323 2285 1468 2325 accepit.
1517 2285 1561 2315 Hi
1578 2285 1704 2317 fratres
1721 2285 1871 2318 dominio
1897 2294 2027 2318 castro-

187 2349 262 2370 rum
278 2337 492 2381 Anguillarie
510 2346 544 2371 et
559 2339 740 2370 Pernumie
756 2339 968 2380 prefuerunt.
1001 2339 1074 2370 Viri
1092 2339 1207 2380 utique
1225 2338 1408 2379 magnifici,
1425 2338 1518 2379 agris
1532 2339 1697 2376 ditissimi,
1711 2340 1818 2370 multa
1834 2340 2030 2372 habuerunt

187 2398 221 2423 et
243 2392 388 2423 diversis
412 2393 496 2424 locis
518 2392 726 2429 molendina,
752 2392 869 2430 feuda,
892 2403 1009 2424 servos
1033 2398 1066 2423 et
1092 2392 1265 2423 vassallffi.
1313 2391 1465 2434 Eccelini
1499 2392 1621 2423 timore
1653 2398 1687 2423 et
1721 2393 1800 2424 odio
1836 2393 1869 2424 in
1905 2394 2027 2425 castris

275 2537 300 2561 3.
321 2531 354 2554 ad
374 2533 486 2554 tantum
505 2532 647 2562 impotens
668 2532 807 2555 insultum
828 2532 861 2555 ad
881 2533 1036 2555 extremum
1058 2532 1174 2554 tandem
1199 2530 1364 2561 magnificus
1390 2530 1413 2554 S
1437 2544 1468 2547 -
1499 2536 1521 2561 5.
1542 2531 1600 2555 vid.
1619 2532 1710 2555 excid.
1730 2532 1886 2556 hesitantes
1907 2533 1975 2563 quid
1994 2534 2024 2556 in

189 2580 255 2596 casu
272 2575 330 2596 tam
350 2573 483 2604 ambiguo
503 2575 574 2597 esset
593 2574 731 2605 agendum
754 2576 776 2598 S
794 2587 824 2591 —
854 2581 893 2598 ιο.
919 2582 952 2597 ex
980 2574 1047 2605 freq.
1075 2583 1122 2597 om.
1148 2575 1170 2597 S
1196 2586 1227 2589 —
1249 2580 1290 2596 12.
1313 2574 1420 2596 vetusta
1442 2574 1540 2596 domus
1560 2575 1582 2597 S
1604 2588 1631 2591 —
1656 2581 1695 2605 14.
1715 2581 1816 2606 gurges
1842 2582 1924 2598 nenio
1950 2575 1973 2599 S
1997 2590 2027 2592 —

193 2621 232 2646 15.
251 2616 344 2639 oculis
364 2617 386 2640 S
403 2629 436 2634 —
458 2616 497 2640 16.
517 2616 621 2647 autem]
643 2624 708 2640 vero
729 2618 751 2640 S
771 2630 800 2633 —
825 2617 862 2640 18.
883 2615 968 2648 qnod]
989 2625 1038 2647 pro
1054 2618 1132 2640 Jl-
1149 2623 1189 2639 zo.
1210 2616 1304 2639 nobile
1329 2617 1359 2638 .ll
1380 2629 1409 2632 —-
1431 2622 1473 2639 22.
1494 2623 1610 2646 cumque
1631 2624 1713 2648 super
1733 2617 1831 2648 ponte}
1851 2625 1913 2640 cnm
1935 2619 2025 2650 ipsum

189 2658 337 2681 dominum
357 2658 487 2681 Iacobum
507 2659 619 2682 duceret
639 2659 793 2690 captivum,
814 2659 861 2682 sed
888 2667 949 2682 cum
975 2667 1058 2690 snper
1085 2660 1171 2689 ponte
1191 2659 1260 2681 dicti
1283 2658 1374 2680 sani-ti
1395 2658 1455 2680 Ioll.
1478 2658 1497 2680 S
1516 2670 1525 2674 -
1547 2658 1579 2681 dc
1600 2658 1733 2682 Carraria
1753 2668 1800 2683 om.
1822 2661 1844 2683 S
1863 2674 1893 2676 ἡ
1915 2666 1956 2690 24.
1976 2661 2023 2690 qui

143 2704 156 2730 ς
188 2707 280 2723 secum
301 2707 359 2723 non
379 2702 438 2724 erat
459 2701 481 2724 S
501 2714 532 2717 —
553 2706 594 2731 25.
615 2701 672 2724 alta
693 2702 716 2725 S
734 2714 765 2717 —
786 2700 875 2730 25-26.
897 2702 977 2724 vobis
999 2701 1127 2723 aufferret
1148 2701 1170 2723 S
1188 2713 1219 2716 —
1242 2700 1282 2722 28.
1302 2700 1461 2730 diligebant
1484 2700 1544 2722 M-
1565 2708 1646 2723 ausus
1667 2703 1689 2725 S
1713 2715 1744 2717 —
1774 2708 1814 2731 21).
1841 2709 1923 2732 super
1947 2703 2026 2725 dicto

190 2744 278 2773 ponte
299 2742 321 2766 S
338 2755 370 2759 —
389 2749 433 2773 30.
451 2743 583 2766 omnibus
604 2743 626 2767 S
642 2756 674 2760 —
694 2750 735 2773 31.
756 2743 846 2774 ipsius
866 2744 976 2766 domini
999 2743 1094 2766 Laconi
1115 2743 1147 2765 <le
1167 2741 1300 2765 Carraria
1322 2742 1344 2765 S
1362 2754 1392 2758 —
1411 2747 1454 2771 35.
1475 2741 1594 2765 domino
1617 2743 1653 2766 M

277 2843 283 2859 ¹
304 2843 345 2868 La
363 2845 417 2868 fine
437 2845 464 2868 di
487 2845 600 2876 Iacopo,
627 2845 676 2868 che
702 2845 736 2868 dn
757 2846 923 2869 Rolandino
943 2844 987 2876 (V,
1010 2843 1035 2876 4)
1062 2844 1075 2868 ὲ
1134 2846 1278 2873 racconto,
1297 2851 1374 2867 rome
1394 2843 1487 2874 quella
1507 2844 1556 2867 che
1578 2846 1758 2876 rappresenta
1773 2845 1793 2868 il
1810 2847 1953 2869 momento
1968 2847 2024 2869 ini-

186 2885 320 2910 descritta
339 2894 394 2910 con
413 2887 492 2911 brevi
511 2889 602 2916 tratti,
627 2886 641 2910 ὲ
667 2887 898 2911 ἀναιηιιιαὶὶηῑιίῑι
917 2887 963 2910 dal
987 2894 1075 2918 panc-
1133 2888 1204 2910 ziale
1223 2886 1298 2909 della
1311 2886 1404 2916 gloria
1420 2886 1538 2916 politica
1552 2886 1628 2910 della
1641 2895 1703 2910 casa
1719 2895 1858 2911 carrnresc
1874 2888 1948 2911 nella
1964 2889 2023 2912 vita

186 2928 287 2959 girista
313 2936 451 2952 carrarcse
474 2936 526 2952 con
554 2930 719 2960 partit-olari
746 2931 882 2960 alquanto
909 2930 1009 2958 eroiei⁷
1043 2930 1070 2952 in
1133 2929 1284 2952 cittnclina.
1324 2928 1352 2950 ln
1374 2930 1501 2952 sostanza
1517 2928 1583 2960 pero
1605 2930 1612 2952 i
1634 2930 1802 2961 particolari
1817 2931 1951 2961 nggiunti
1966 2938 2024 2954 non

130 2975 161 2991 10
189 2970 274 2994 modo
294 2971 328 2994 da
354 2978 510 2995 accrescere
536 2972 730 2995 l'esaltazione
756 2972 829 2994 della
856 2979 904 2994 sua
932 2973 1021 2994 morte
1049 2972 1077 2994 in
1135 2971 1291 3001 divorgono
1317 2970 1362 2993 dal
1385 2973 1518 2994 racconto
1542 2971 1747 2995 rolandiniano
1773 2980 1786 2995 e
1808 2980 1864 2995 non
1886 2973 2024 2996 derivano
2058 2975 2087 3002 15

188 3019 243 3036 nna
264 3015 406 3045 apoteosi‚
427 3013 476 3037 che
497 3014 606 3037 ritorna
631 3014 661 3036 di
685 3014 830 3044 frequente
854 3013 900 3037 nel
928 3020 1008 3036 corso
1035 3013 1079 3036 ‹Iel
1136 3013 1170 3035 (la
1192 3012 1260 3035 altra
1282 3011 1371 3035 fonte.
