2422 3684
516 241 683 277 GESTA
712 239 1014 275 MAGNIFICA
1044 237 1226 274 DOMUS
1257 237 1645 272 CARRARIENSIS

478 375 614 406 REDAz.
650 373 680 405 A

158 454 302 487 barbute
321 460 441 498 gentes
466 453 567 485 armis
585 454 688 485 docte
707 459 739 485 et
757 453 935 484 laboribus
949 452 1002 483 in-

157 508 290 540 domite
314 514 397 539 tunc
421 518 484 539 ceu
517 508 687 538 conducte
718 512 999 548 supervenerant,

157 572 241 604 quas
259 561 415 592 dominus
432 560 506 602 ipse
531 571 593 602 pro
618 560 784 591 nobilium
806 565 838 590 et
856 559 924 590 ioci
941 559 1000 589 (16-

157 615 256 646 fensa
272 624 352 646 mox
367 614 449 645 illuc
467 613 562 644 iubet
579 614 745 654 equitare.
784 612 863 650 Que
879 618 1000 654 gentes

158 679 236 700 cum
260 667 343 698 illuc
368 666 616 708 applicuissent
641 672 674 697 et
704 666 748 696 ad
779 676 836 696 eas
866 664 1000 696 nobiles

157 723 271 762 plures
297 721 364 752 iarn
396 719 652 756 confluxissent,
686 719 852 761 precipue
885 718 998 761 gueni,

157 773 261 816 opida
296 773 450 805 Gevardi
484 778 519 804 et
553 772 772 814 Pendangoli
804 782 823 801 a
859 772 998 803 domino

156 827 331 858 defficiunt
359 825 576 857 Bernabone.
624 824 703 862 Que
729 835 804 856 cum
823 825 895 855 eius
911 824 999 854 auri-

155 880 217 911 bus
240 879 345 911 allata
361 885 448 919 sunt,
472 889 551 910 mox
577 878 727 909 Brixiam
752 877 905 920 equitat:
931 888 997 919 quo

154 943 318 974 persenso
343 939 462 974 gentes
487 933 529 963 de
557 932 689 967 Suevis‚
715 932 773 973 qui
791 937 887 962 erant
904 931 998 961 iuxta

155 985 272 1017 Brixie
289 985 403 1016 menia
420 985 586 1025 allodiati‚
605 984 737 1016 duobus
761 994 797 1015 se
814 983 906 1014 mille
922 994 999 1024 pas—

154 1039 248 1071 sibus
264 1045 451 1071 retraxere.
498 1039 542 1070 Et
567 1039 633 1069 hec
649 1038 704 1069 die
722 1038 868 1080 quadam
886 1037 997 1068 sabati

155 1093 264 1124 fuere.
311 1091 366 1123 Ab
389 1091 471 1123 inde
496 1097 607 1122 autern
634 1091 838 1122 recedentes
864 1090 919 1121 die
936 1090 997 1121 do-

154 1146 291 1183 minico,
308 1152 344 1176 ut
360 1145 530 1187 gentibus,
554 1155 621 1187 que
639 1144 684 1176 de
703 1144 769 1185 liga
786 1143 996 1175 Pischariam

154 1205 330 1236 venerant,
354 1199 570 1230 dominorum
594 1198 637 1229 de
662 1198 824 1229 Carraria
847 1202 881 1228 et
904 1196 997 1228 dela

155 1253 259 1285 Scala
282 1263 317 1284 se
342 1253 520 1283 dumtaxat
551 1252 784 1294 iungerentur,
813 1256 996 1292 essentque

153 1306 219 1337 iam
248 1306 340 1337 inter
367 1305 538 1337 Lonatum
571 1310 604 1336 et
640 1304 905 1344 Monteclarum7
938 1303 996 1334 ubi

152 1365 272 1402 gentes
289 1359 435 1390 aderant
457 1358 586 1390 domini
604 1357 828 1395 Bernabonis,
846 1357 889 1388 de
907 1357 997 1398 ipso-

152 1424 226 1444 rum
247 1413 400 1444 adventu
420 1413 558 1454 previse
577 1423 618 1443 30
636 1411 824 1453 preliature
841 1411 885 1442 de
903 1422 997 1442 man-

153 1466 248 1504 dato,
271 1471 305 1497 et
329 1465 398 1496 iam
423 1475 441 1496 a
465 1465 640 1496 montibus
665 1463 937 1501 descendissent,
961 1464 994 1494 in

153 1529 212 1550 eos
234 1519 330 1551 illico
356 1518 446 1550 virili
470 1518 584 1549 animo
609 1518 791 1554 irruerunt,
815 1527 900 1559 quos
916 1527 996 1548 mox

152 1573 188 1604 in
211 1571 448 1603 exterminium
473 1577 506 1602 et
530 1571 728 1602 conflictum
753 1576 994 1611 exposuerunt.

153 1626 192 1657 In
227 1635 369 1667 quorum
407 1624 570 1656 conflictu
606 1623 766 1655 Maxetus
797 1624 916 1655 Rusca
951 1625 994 1655 de

153 1679 282 1715 Cumis,
299 1679 448 1719 ipsorum
466 1678 678 1719 capitaneus,
696 1687 773 1708 cum
792 1687 861 1708 xxv
883 1688 996 1709 come-

153 1731 329 1764 stabilibus
353 1738 388 1764 et
413 1738 618 1774 centumque
642 1731 740 1773 quasi
764 1731 842 1762 aliis
873 1731 996 1763 nobili-

153 1786 216 1818 bus
239 1785 457 1827 intercipitur
481 1795 628 1828 cumque
645 1785 722 1816 aliis
737 1784 864 1822 multis,
882 1786 994 1817 multis

153 1845 188 1871 et
210 1839 323 1871 multis
348 1839 553 1870 interfectis.

242 2264 316 2298 227.
350 2283 386 2287 —
422 2265 472 2296 De
503 2275 618 2296 mense
654 2271 770 2297 autem
800 2264 886 2301 iulii,
920 2271 994 2296 orto

151 2329 287 2350 rumore
311 2318 401 2349 inter
424 2318 612 2360 burgenses
636 2319 738 2350 castri
766 2318 936 2349 Herberie
961 2325 994 2349 et

152 2371 369 2413 presidentes
392 2371 426 2401 in
451 2371 568 2409 rocha,
592 2372 648 2403 cui
674 2371 866 2413 municipio
895 2383 994 2413 pree-

151 2430 204 2455 rat
239 2424 396 2455 dominus
431 2424 482 2455 vir
516 2424 679 2466 egregius
717 2424 911 2456 Salvaticus
949 2424 993 2455 de

153 2477 320 2514 Boiardis,
348 2477 416 2519 qui,
443 2477 522 2508 licet
552 2483 666 2518 partes
699 2477 837 2509 foveret
862 2478 992 2509 domini

151 2529 375 2565 Bernabonis„
398 2529 512 2561 animo
543 2530 766 2562 rebellionem
798 2531 993 2572 appetebat.

152 2583 221 2621 Qui
247 2583 442 2615 Salvaticus
465 2583 561 2614 illico
585 2583 754 2615 Mutinam
771 2584 814 2615 ab
832 2584 906 2615 illic
923 2594 992 2616 non

152 2636 254 2679 longe
279 2646 342 2677 pro
365 2636 538 2677 suppedio
562 2637 683 2675 mictit,
708 2647 784 2668 cum
818 2648 886 2679 quo
910 2648 993 2680 gen-

152 2690 234 2721 tium
265 2689 473 2720 marchionis
501 2688 660 2721 Ferrarie
692 2696 806 2732 caput.
836 2691 993 2722 dominus

152 2742 318 2773 Nicotaus
342 2741 386 2774 de
411 2741 586 2780 Robertis,
603 2753 682 2774 mox
705 2743 777 2773 11110
795 2753 871 2774 cum
891 2743 992 2774 dictis

151 2794 314 2837 gentibus
337 2795 498 2826 occurrit.
546 2794 676 2837 Sicque
700 2796 756 2827 die
780 2803 857 2837 post
883 2802 993 2827 sexta-

151 2848 290 2879 decima
313 2854 462 2880 castrum
479 2848 587 2890 ipsum
606 2859 683 2880 cum
702 2850 810 2880 rocha
826 2861 844 2880 a
862 2849 990 2880 domini

152 2901 366 2933 Bernabovis
380 2901 502 2932 favore
520 2902 662 2933 defecit.
693 2902 777 2933 Erat
790 2902 887 2934 locus
898 2912 993 2934 nem-

152 2964 196 2995 pe
220 2953 414 2996 'aptissimus
437 2953 597 2997 gentibus
620 2954 728 2996 ipsius
749 2955 879 2986 domini
909 2955 993 2986 Ber-

152 3007 298 3040 nabonis
320 3018 340 3039 a
364 3008 532 3040 descensu
554 3008 598 3040 de
629 3008 702 3040 solo
732 3009 906 3050 parmensi
930 3019 992 3050 per

1066 868 1104 899 10

1064 1134 1100 1165 15

1060 1403 1100 1432 20

1060 1670 1097 1702 25

1057 1939 1098 1969 30

1058 2260 1098 2291 35

1058 2528 1098 2558 40

1057 2796 1095 2827 43

1159 449 1297 481 fortuna
1321 447 1502 484 conciede‚
1521 449 1659 490 quando
1677 448 1709 479 13
1727 459 1806 480 0053
1824 448 1879 480 (16’
1899 450 2003 481 haver

1159 502 1291 540 effetto‚
1317 501 1426 534 311013
1449 512 1509 532 era
1525 502 1747 543 sovravignu,
1765 512 1863 534 como
1880 513 1915 533 se
1934 503 2001 534 6110

1160 556 1190 587 16
1215 556 1356 586 havesse
1373 555 1630 596 propriamente
1651 555 1732 586 tolte
1751 567 1770 586 a
1786 555 1894 592 soldo,
1911 556 2003 586 mille

1160 608 1303 640 barbute
1318 609 1411 640 delle
1425 608 1546 639 contra
1563 608 1606 639 de
1624 607 1759 645 suavia,
1777 614 1880 649 gente
1897 609 2002 640 usade

1159 661 1223 692 alle
1247 671 1340 693 arme
1366 667 1400 692 et
1418 661 1482 693 che
1508 671 1552 692 no
1578 667 1691 692 temea
1717 661 1747 691 13
1772 661 1903 703 indiga.
1950 662 2000 693 Le

1158 714 1237 757 qual
1261 720 1364 758 gente
1389 715 1420 745 el
1445 714 1540 744 dicto
1565 712 1684 754 signos
1708 712 1751 743 de
1775 711 1915 743 Verona
1939 722 2002 754 per

1159 768 1284 799 diffesa
1308 767 1344 798 di
1370 767 1464 810 luogi
1490 773 1523 797 et
1548 766 1590 797 de
1615 765 1698 797 dicti
1724 764 1834 795 nobili
1866 775 2001 796 coman-

1159 821 1203 852 (1ὸ
1221 821 1285 852 0116
1303 821 1446 852 dovesse
1464 819 1649 850 cavalchar
1671 817 1715 849 13.
1761 817 1820 848 Ma
1845 827 1946 848 como
1972 818 2003 848 13

1158 874 1251 904 dicta
1276 879 1379 915 gente
1398 882 1501 915 conse
1527 872 1616 903 nelle
1642 871 1806 903 contrade
1831 877 1865 902 et
1881 871 2001 902 siando

1157 937 1197 968 ca
1222 936 1392 958 coircorso
1417 925 1461 957 ad
1487 925 1544 956 elli
1577 924 1672 955 molti
1704 925 1739 955 di
1773 925 1850 956 ditti
1881 924 2001 963 nobili,

1158 985 1191 1011 et
1215 978 1464 1020 specialmente
1489 979 1498 1008 i
1516 977 1630 1020 guelfi,
1656 977 1665 1008 i
1685 978 1819 1008 castelli
1837 977 2001 1009 Gavardo

1156 1040 1190 1064 et
1214 1032 1418 1075 Pendagolo
1441 1033 1467 1064 si
1492 1031 1622 1063 revelle
1648 1042 1666 1061 a
1690 1031 1814 1062 mesier
1831 1030 2000 1062 1361113110.

1156 1087 1206 1119 Le
1231 1087 1312 1129 qual
1338 1097 1418 1118 cose
1443 1086 1499 1127 po'
1525 1085 1589 1117 che
1613 1095 1725 1115 venne
1757 1084 1823 1115 3116
1855 1094 1893 1115 50
1924 1095 2000 1115 ore-

1157 1141 1243 1178 chie,
1261 1141 1372 1172 subito
1391 1141 1422 1171 el
1441 1139 1611 1171 cavaich‘o
1629 1149 1648 1170 a
1666 1139 1787 1175 Brexa,
1803 1144 1835 1168 et
1851 1137 1884 1169 13
1897 1144 2000 1179 gente

1155 1195 1199 1226 de
1225 1194 1353 1226 Suavia
1378 1205 1441 1236 per
1466 1193 1496 1223 13
1523 1203 1582 1224 503
1606 1192 1774 1234 vignuda,
1794 1193 1857 1222 che
1875 1200 1934 1221 era
1951 1190 1999 1221 al-

1155 1249 1278 1291 locada
1304 1257 1444 1289 apresso
1468 1258 1488 1278 a
1510 1247 1634 1283 Brexa,
1647 1257 1681 1276 se
1707 1251 1854 1277 retrasse
1871 1246 1906 1276 in
1924 1245 1999 1276 drio

1156 1312 1218 1342 per
1243 1302 1309 1333 doa
1334 1300 1466 1343 miglia:
1492 1305 1526 1331 et
1543 1300 1579 1331 fo
1598 1305 1720 1341 questo
1737 1309 1780 1329 un
1800 1299 1843 1328 de
1859 1297 1998 1329 sabado.

1156 1354 1216 1386 Po’
1242 1355 1273 1385 13
1299 1355 1491 1395 domenega
1516 1353 1727 1394 partandose
1752 1351 1795 1382 de
1813 1351 1847 1387 li,
1869 1351 1999 1393 acoche

1155 1409 1213 1440 elli
1237 1418 1274 1440 se
1300 1417 1488 1451 aconcesse
1506 1407 1572 1438 alle
1597 1412 1698 1448 gente
1724 1405 1758 1436 di
1783 1404 1911 1447 signori
1929 1414 2000 1435 me-

1153 1464 1221 1494 sier
1238 1462 1436 1493 Francesco
1460 1461 1503 1492 da
1521 1461 1650 1491 Caram
1668 1465 1702 1490 et
1728 1459 1769 1489 de
1788 1457 1902 1499 quello
1921 1457 1999 1488 dala

1154 1516 1268 1553 Scala,
1281 1522 1314 1547 et
1328 1514 1449 1546 51311ᾱο
1467 1515 1505 1556 ca
1520 1519 1572 1545 tra
1586 1512 1683 1544 Lona
1697 1518 1729 1543 et
1742 1510 1998 1544 Montechiam,

1154 1570 1184 1602 0’
1209 1570 1273 1601 che
1306 1579 1366 1599 era
1398 1568 1430 1599 16
1463 1573 1565 1610 gente
1599 1566 1643 1598 de
1678 1565 1804 1596 mesier
1828 1563 1997 1601 Bernabe),

1153 1624 1248 1654 facte
1273 1621 1452 1664 adveeude
1477 1621 1531 1652 del
1556 1630 1592 1651 so
1617 1619 1739 1661 vignir,
1767 1624 1801 1649 et
1824 1618 1997 1649 habiando

1153 1677 1208 1708 dal
1239 1676 1336 1708 dicto
1360 1674 1486 1706 mesier
1518 1672 1677 1704 Bernaba)
1709 1672 1997 1703 comandamento

1154 1732 1196 1763 de
1221 1730 1415 1761 combatter
1436 1739 1503 1760 con
1536 1727 1606 1764 elli,
1643 1727 1675 1758 13
1707 1726 1786 1768 qual
1818 1732 1920 1767 gente
1953 1725 1997 1756 de

1153 1795 1263 1817 meser
1298 1782 1460 1814 Bernabb
1496 1782 1616 1814 51311110
1652 1781 1692 1822 ca
1727 1780 1908 1811 smnntada
1939 1779 1997 1810 dal

1153 1844 1279 1875 monte,
1297 1838 1408 1868 subito
1425 1837 1470 1868 fe’
1485 1835 1609 1867 3553110
1623 1835 1657 1865 111
1675 1834 1786 1876 questi
1800 1833 1843 1864 de
1858 1832 1997 1869 suavia,

1152 1890 1162 1920 i
1194 1891 1298 1934 quali,
1323 1890 1516 1921 virilmente
1541 1889 1624 1920 volti
1660 1888 1704 1918 ad
1740 1887 1809 1926 elii,
1841 1885 1952 1917 subito
1985 1886 1996 1916 1

1152 1955 1235 1987 pose
1266 1945 1301 1975 in
1326 1944 1482 1974 sconfita.
1529 1942 1568 1973 In
1601 1941 1632 1972 13
1666 1940 1747 1982 qual
1781 1939 1927 1970 sconfita
1959 1939 1996 1969 fo

1152 2008 1254 2039 preso
1280 1997 1415 2028 Maseto
1433 1996 1560 2031 Rusca,
1585 1994 1761 2035 capitanio
1787 1993 1878 2024 delle
1903 1992 1995 2023 dicte

1151 2057 1266 2094 gente,
1291 2060 1357 2082 con
1381 2049 1606 2090 venticinque
1633 2045 1851 2079 contestabili
1875 2051 1908 2076 et
1929 2055 1996 2077 con

1154 2104 1252 2146 quasi
1275 2103 1351 2135 altri
1377 2109 1476 2134 cento
1502 2101 1610 2133 nobili
1634 2100 1768 2132 homini
1794 2105 1826 2131 et
1849 2099 1945 2131 molti
1963 2105 1996 2130 et

1153 2157 1248 2188 molti
1272 2167 1315 2187 en
1339 2156 1376 2187 fo
1400 2155 1512 2187 morti,

1242 2262 1317 2296 227.
1341 2280 1384 2284 —-
1408 2261 1467 2294 Po‘
1485 2261 1541 2292 del
1558 2270 1648 2291 mese
1667 2260 1709 2291 de.
1727 2259 1797 2290 luio
1814 2258 1918 2290 nasce
1940 2269 1992 2289 re-

1154 2328 1246 2349 more
1265 2322 1316 2347 tra
1333 2315 1437 2358 quelli
1454 2315 1511 2346 del
1525 2314 1634 2356 burgo
1649 2314 1691 2344 de
1706 2313 1837 2344 Ribera
1851 2319 1883 2344 et
1898 2312 1993 2354 quiili

1154 2372 1217 2402 che
1234 2376 1329 2402 stava
1354 2370 1475 2401 (1611110
1494 2368 1588 2399 (16113
1611 2367 1727 2403 rocha,
1753 2365 1810 2397 del
1828 2366 1907 2407 qual
1923 2366 1994 2396 1110-

1152 2435 1196 2466 go
1221 2435 1277 2455 era
1302 2423 1440 2464 signore
1464 2422 1497 2453 lo
1516 2421 1658 2463 egregio
1677 2420 1777 2451 homo
1796 2419 1991 2461 Salvadego

1153 2477 1188 2508 di
1213 2476 1364 2512 Boiai-di,
1393 2475 1424 2506 el
1448 2474 1539 2516 qual,
1563 2473 1694 2504 benche
1719 2473 1935 2514 favorecasse
1960 2472 1992 2502 la

1151 2536 1248 2571 parte
1274 2530 1316 2560 de
1334 2529 1458 2559 mesier
1482 2526 1652 2563 Bernabb,
1677 2527 1786 2557 havea
1809 2525 1846 2556 in
1871 2535 1992 2556 anemo

1152 2585 1194 2615 de
1212 2583 1357 2624 pai-tirse
1375 2582 1418 2614 (16
1435 2581 1492 2613 lui.
1525 2580 1654 2612 Mandb
1672 2579 1831 2611 adoncha
1849 2579 1880 2609 el
1896 2577 1992 2609 dicto

1151 2637 1275 2668 mesier
1298 2634 1495 2676 Salvadego
1518 2645 1580 2675 per
1607 2643 1709 2664 cason
1743 2632 1798 2663 del
1824 2632 1916 2662 dicto
1941 2641 1993 2661 re-

1151 2700 1244 2720 more
1263 2699 1325 2729 per
1341 2687 1466 2719 31111110
1491 2698 1509 2717 3
1527 2687 1679 2718 Modena
1694 2695 1763 2716 non
1779 2685 1884 2716 molto
1904 2683 1992 2725 lonci

1151 2743 1207 2773 dal
1236 2742 1330 2773 dicto
1362 2741 1477 2782 luogo.
1523 2738 1567 2770 Al
1600 2739 1679 2780 qual
1711 2737 1822 2769 subito
1855 2746 1992 2767 secorse

1151 2795 1274 2826 mesier
1298 2793 1421 2825 Nicolc)
1447 2793 1483 2823 di
1514 2792 1670 2832 Roberti‚
1700 2791 1872 2832 capitanio
1902 2789 1990 2821 delle

1150 2854 1253 2890 gente
1278 2848 1334 2878 del
1358 2847 1551 2882 marchese:
1577 2852 1610 2876 et
1635 2844 1706 2876 cosi
1728 2844 1786 2885 poi
1804 2843 1839 2875 di
1857 2843 1990 2879 sedese,

1150 2900 1224 2932 drio
1250 2900 1282 2931 61
1306 2899 1399 2930 dicto
1423 2909 1570 2937 remore,
1587 2898 1618 2929 el
1637 2897 1777 2929 castello
1795 2897 1829 2928 di
1846 2895 1991 2927 Ribiera

1150 2959 1184 2985 et
1208 2953 1241 2984 13
1263 2952 1370 2984 100113
1394 2962 1439 2983 110
1456 2951 1512 2982 (16’
1529 2952 1588 2993 piu
1604 2952 1723 2983 favore
1742 2950 1809 2981 alla
1825 2954 1928 2991 gente
1946 2949 1989 2980 de

1150 3007 1271 3039 mesier
1288 3005 1457 3037 Bernabb.
1503 3005 1544 3036 Ei
1571 3005 1649 3047 qual
1675 3004 1777 3046 luogo
1805 3014 1861 3035 era
1885 3001 1990 3034 molto
