2422 3684
1152 225 1451 263 PREFAZION
1453 226 1486 262 E

393 368 556 398 temente
585 374 604 396 e
631 362 668 396 in
697 364 809 409 tempi
837 363 1035 398 successivi
1064 361 1103 396 B
1128 374 1147 396 e
1181 361 1224 407 C,
1254 362 1374 410 quella
1402 374 1472 397 con
1501 361 1586 398 lievi
1614 363 1851 409 integrazioni
1879 367 1988 398 tratte
2017 361 2112 398 dalle
2131 361 2234 407 fonti,

394 430 452 464 cui
480 440 648 464 avevano
677 430 807 465 attinto
831 430 843 464 i
871 429 1085 475 precedenti
1114 428 1357 475 compilatori,
1388 434 1516 476 questa
1545 428 1766 464 utilizzando
1794 429 1828 463 le
1857 428 1951 475 parti
1972 428 2009 463 di
2028 429 2075 473 (a)
2097 427 2233 463 abban-

396 497 532 530 donate
561 495 608 530 da
635 495 696 540 (b).

484 624 519 659 ὁ.
550 644 599 650 -
628 624 702 659 Per
729 625 896 670 maggior
924 624 1110 659 chiarezza
1139 625 1316 659 converra
1346 623 1621 670 esemplificare.
1678 623 1716 658 Si
1745 622 1910 658 conceda
1939 634 2027 668 pure
2052 622 2119 658 che
2139 621 2235 657 nella

395 691 470 726 vita
498 691 534 725 di
565 691 769 726 Gumberto
796 692 835 734 (1,
873 692 916 736 l),
945 691 981 725 B
1011 702 1117 737 possa
1145 702 1232 725 aver
1260 691 1476 726 abbreviato
1510 690 1543 724 C
1569 689 1826 735 spogliandolo
1856 689 1914 724 del
1935 688 2106 735 bagaglio
2129 688 2234 724 lette·

395 758 491 793 rario
521 756 574 805 (A
603 770 675 793 non
704 759 856 804 registra
885 770 1082 793 nemmeno
1102 758 1126 792 il
1156 761 1293 802 nome),
1323 769 1381 792 ma
1411 757 1443 790 la
1463 756 1668 802 semplicita
1689 755 1761 791 ela
1781 755 2008 791 naturalezza
2037 754 2135 790 della
2157 756 2234 790 vita

396 824 432 858 di
462 824 613 870 Litolfo,
643 825 709 860 che
738 825 926 859 individua
954 825 979 858 il
1007 830 1146 871 tempo,
1177 825 1211 858 in
1248 824 1304 858 eui
1338 824 1448 867 visse,
1486 823 1682 858 nell'unieo
1721 821 1944 857 documento
1981 822 2185 867 superstite,
2215 833 2235 855 e

396 902 416 924 a
445 903 525 926 esso
555 892 669 926 limita
698 891 863 937 l'esegesi
893 891 987 926 delle
1017 896 1131 936 gesta,
1153 896 1340 926 contrasta
1360 903 1430 925 con
1449 895 1540 925 tutte
1566 890 1597 924 le
1627 890 1717 924 altre
1737 888 1884 932 notizie,
1907 889 1973 923 che
2001 887 2234 923 dovrebbero

397 970 638 1006 presupporre
668 969 737 992 una
767 958 828 1004 piu
857 959 977 1004 ampia
1007 969 1239 993 conoscenza
1268 958 1387 1003 poche
1416 957 1515 1003 righe
1544 956 1661 1003 prima
1691 962 1836 1001 negata.

484 1026 513 1061 Il
541 1026 657 1060 brano
687 1025 766 1059 Hz'c
795 1024 985 1070 Litolplzns
1005 1045 1055 1050 —
1073 1024 1208 1059 civibus
1236 1023 1362 1058 Padm
1377 1023 1607 1068 formidatus
1636 1023 1688 1068 (C,
1717 1024 1761 1062 ll,
1792 1024 1840 1065 2),
1871 1023 1937 1056 che
1967 1022 2082 1057 anche
2111 1033 2176 1068 per
2204 1021 2237 1056 la

400 1093 516 1127 forma
545 1094 589 1126 ha
618 1092 789 1138 l’aspetto
820 1091 855 1125 di
884 1092 1064 1137 aggiunta,
1085 1093 1103 1125 ὲ
1130 1097 1219 1125 nato
1240 1090 1333 1126 dalla
1353 1091 1633 1125 combinazione
1655 1089 1689 1123 di
1711 1089 1974 1135 proposizioni,
1996 1089 2062 1124 che
2082 1089 2111 1123 si
2131 1088 2236 1122 ritro-

399 1171 495 1194 vano
514 1159 551 1192 in
572 1158 618 1202 A,
640 1159 843 1192 frammiste
871 1159 918 1193 ad
938 1164 1127 1204 esagerata
1156 1158 1324 1202 parafrasi
1355 1157 1389 1191 (11
1413 1158 1548 1191 notizie
1570 1157 1720 1191 desunte
1742 1156 1797 1190 (131
1820 1155 2030 1190 documenti
2050 1155 2234 1200 seguenti:

400 1225 423 1259 il
453 1231 548 1260 tutto
579 1236 651 1259 non
680 1225 725 1259 ha
755 1225 906 1259 lasciato
935 1226 1064 1258 alcuna
1095 1225 1230 1259 traccia
1258 1225 1296 1258 in
1324 1224 1373 1258 B.
1429 1223 1659 1258 Altrettanto
1688 1224 1717 1258 si
1744 1223 1819 1269 pub
1848 1223 1924 1256 dire
1962 1222 2057 1257 delle
2096 1223 2170 1263 vite
2199 1220 2235 1255 di

400 1291 551 1331 Enrico,
583 1291 766 1331 Artiucio,
797 1291 1014 1330 Gumberto,
1044 1292 1079 1324 in
1110 1290 1149 1324 Β
1173 1292 1416 1335 giustamcnte
1445 1297 1620 1336 separate,
1644 1289 1777 1336 perche
1806 1289 1818 1322 i
1847 1287 1976 1334 singoli
2009 1288 2234 1328 documenti,

399 1360 465 1393 che
496 1359 519 1392 li
546 1358 776 1402 riguardano,
805 1359 924 1392 hanno
953 1357 1181 1391 riferimento
1213 1356 1439 1391 individuale
1468 1369 1488 1392 e
1518 1368 1591 1389 non
1631 1356 1823 1391 collettivo
1863 1354 1927 1403 (B,
1963 1355 2023 1396 111,
2055 1357 2088 1395 4,
2119 1355 2154 1395 5,
2182 1354 2231 1399 0),

400 1437 457 1458 ma
486 1425 520 1458 in
554 1424 587 1458 C
615 1425 847 1469 conglobare,
879 1436 952 1457 non
973 1436 1081 1458 senza
1111 1434 1233 1457 creare
1264 1423 1436 1458 notevole
1464 1424 1722 1458 anacronismo
1751 1422 1798 1466 (la
1827 1421 1912 1456 data
1938 1422 2032 1457 1068
2054 1433 2128 1455 non
2148 1432 2236 1455 con-

398 1493 503 1526 viene
529 1503 549 1524 a
579 1491 662 1525 tutti
691 1494 774 1535 tre),
805 1490 902 1524 nella
932 1491 1110 1524 necessita
1140 1490 1174 1524 di
1205 1490 1387 1536 applicare
1418 1502 1438 1524 a
1469 1490 1551 1524 tutti
1581 1490 1614 1524 le
1646 1489 1792 1523 nozioni
1820 1488 1981 1535 generali
2010 1487 2070 1533 (C,
2100 1487 2160 1527 111,
2193 1489 2235 1522 4:

399 1558 460 1592 Hi
475 1562 630 1603 palerna
646 1557 791 1602 predia.
812 1556 929 1591 hered.
952 1577 1001 1582 —-
1020 1556 1270 1602 ampliarunt),
1292 1557 1388 1604 quali
1409 1568 1501 1590 sono
1521 1557 1556 1589 in
1576 1555 1623 1590 A.
1671 1555 1968 1601 Analogamente
1989 1554 2083 1590 nella
2104 1555 2180 1589 vita
2200 1554 2237 1589 di

398 1625 541 1659 Milone
569 1625 604 1657 in
633 1624 669 1658 B
700 1624 779 1667 (VI,
815 1624 884 1669 10),
914 1623 1010 1658 dove
1050 1635 1136 1669 pure
1175 1624 1304 1658 furono
1334 1623 1538 1658 abbreviati
1575 1622 1654 1657 altri
1695 1622 1864 1657 elementi
1903 1621 2018 1656 anche
2056 1621 2235 1667 personali

398 1690 625 1730 dell’antore,
656 1691 674 1723 ὲ
704 1695 799 1724 stato
826 1696 1045 1725 conservato
1074 1695 1209 1736 quanto
1240 1689 1275 1723 di
1296 1688 1492 1724 essenziale
1512 1690 1539 1723 si
1562 1694 1788 1724 conteneva:
1813 1689 1924 1722 male
1945 1687 2235 1734 interpolazioni,

401 1759 467 1793 che
498 1757 663 1802 figurano
692 1758 727 1791 in
763 1756 801 1801 C,
830 1757 908 1803 pari
928 1756 974 1790 ad
995 1754 1041 1797 A,
1061 1757 1096 1790 in
1117 1755 1154 1790 B
1173 1769 1245 1791 non
1265 1757 1293 1790 si
1313 1757 1557 1791 riscontrano.
1599 1757 1807 1790 Introdotte
1828 1767 1848 1789 a
1874 1754 1987 1800 luogo
2016 1766 2087 1788 non
2107 1754 2236 1788 adatto

402 1827 522 1870 (opum
542 1825 740 1859 multarum
769 1844 820 1849 —
839 1823 1086 1871 formidaret:
1115 1836 1138 1857 a
1167 1823 1401 1870 magnatibus
1424 1844 1466 1848 ——
1490 1823 1684 1869 ampliavit
1702 1824 1810 1867 opes),
1833 1821 1994 1856 alterano
2015 1820 2236 1866 l'originaria

399 1892 570 1938 sempliee
601 1891 646 1924 ed
675 1891 863 1925 armonica
894 1890 1038 1925 dizione
1060 1890 1118 1924 (lel
1138 1895 1326 1931 racconto,
1346 1891 1453 1937 quale
1483 1891 1503 1924 ὲ
1522 1890 1558 1923 111
1581 1889 1626 1929 Β,
1650 1888 1903 1924 contorcendo
1923 1900 1943 1922 e
1963 1886 2236 1933 corrompendo

400 1959 518 1992 forma
548 1970 566 1993 e
596 1958 802 2004 significato
837 1957 1154 2004 dell’espressione
1172 1954 1192 1991 ¹.

489 2015 520 2058 E
549 2024 759 2058 altrettanto
779 2024 884 2058 facile
904 2024 1058 2058 rilcvare
1079 2035 1098 2057 e
1118 2022 1263 2064 isolare,
1294 2035 1401 2058 come
1421 2024 1594 2069 aggiunta
1615 2028 1794 2068 postuma,
1817 2021 1883 2055 che
1903 2021 1938 2054 in
1957 2020 1994 2055 B
2013 2032 2086 2054 non
2106 2020 2234 2067 figura,

400 2091 423 2125 il
443 2092 558 2125 brano
574 2090 653 2124 Hic
670 2089 822 2134 vl'rsuz't
842 2110 886 2115 —-
910 2089 1140 2125 multitudine
1157 2088 1341 2129 secundus,
1365 2089 1554 2124 conforme
1575 2088 1620 2123 ad
1635 2088 1688 2132 A,
1706 2087 1797 2122 nella
1817 2088 1891 2122 vita
1907 2087 1942 2122 di
1960 2087 2122 2121 Marsilio
2139 2086 2236 2131 (VII,

407 2158 477 2202 12),
507 2157 784 2201 analogamente
815 2157 881 2191 che
910 2156 1032 2204 quello
1053 2155 1149 2190 delle
1172 2156 1243 2190 vite
1264 2155 1300 2189 di
1318 2156 1467 2199 EnricO,
1498 2154 1629 2190 fratelli
1649 2167 1668 2189 e
1689 2155 1809 2199 cugini
1837 2153 1953 2200 (VIII,
1980 2154 2061 2198 14):
2092 2152 2169 2187 Sed
2191 2152 2235 2187 ab

401 2224 456 2258 his
483 2224 641 2258 traxisse
668 2244 719 2249 —
745 2222 987 2268 obtinuerunt,
1016 2223 1082 2257 che
1109 2223 1143 2257 fa
1173 2233 1265 2267 capo
1292 2221 1338 2256 ad
1366 2221 1418 2256 A.
1476 2221 1768 2256 L'illustrazione
1798 2232 1817 2254 e
1848 2220 1880 2254 la
1909 2221 2143 2254 trascrizione
2176 2219 2237 2254 del

402 2291 566 2337 diploma
596 2291 782 2336 imperiale
817 2291 1016 2333 enriciano,
1050 2290 1224 2335 allegato,
1254 2291 1288 2323 in
1311 2290 1365 2333 (b),
1389 2300 1495 2324 come
1518 2300 1651 2334 appare
1672 2288 1718 2321 (13
1741 2287 1788 2331 B,
1818 2298 1891 2321 non
1911 2287 2123 2332 dipendono
2143 2285 2237 2321 dalla

401 2359 544 2392 lezione
574 2358 764 2392 conforme
793 2357 839 2391 ad
868 2356 916 2401 A,
945 2357 1109 2392 secondo
1138 2356 1328 2390 (lovi-ebbe
1357 2356 1503 2390 dedursi
1538 2354 1585 2388 da
1612 2354 1650 2397 C,
1671 2365 1729 2387 ma
1750 2354 2006 2388 (lirettamente
2027 2353 2234 2388 dall'exem-

395 2424 502 2470 plum
532 2424 628 2458 della
657 2423 886 2468 cancelleria,
917 2424 1094 2458 usufruito
1123 2422 1238 2457 anche
1259 2422 1303 2456 da
1322 2421 1369 2455 A.
1426 2421 1472 2455 Se
1492 2433 1564 2456 non
1593 2421 1660 2455 che
1681 2420 1798 2466 questi
1827 2420 1871 2453 ha
1890 2431 2036 2454 omesso
2057 2419 2235 2454 l’autenti-

403 2492 553 2526 cazione
582 2491 641 2525 del
667 2491 777 2535 1352,
808 2490 864 2524 del
895 2491 1020 2525 notaio
1048 2490 1291 2525 Bartolomeo
1320 2488 1354 2522 di
1384 2488 1494 2531 Pace,
1516 2487 1560 2521 (13
1582 2487 1627 2531 (b)
1650 2487 1778 2521 invece
1798 2487 2066 2532 regolarmente
2097 2497 2115 2520 e
2145 2487 2237 2520 inte-

492 2639 500 2654 *
521 2638 619 2662 Infatti
642 2639 702 2662 dice
727 2638 778 2662 “ex
800 2640 932 2670 prosapia
953 2638 1124 2662 descendens
1151 2637 1292 2661 nobilium

406 2681 418 2693 ‘¹
431 2681 687 2712 suprascriptorum
718 2681 750 2704 (ie
784 2682 915 2704 Carraria
947 2682 1039 2703 castro
1051 2698 1074 2710 „„
1108 2687 1185 2703 come
1218 2679 1293 2702 nella

405 2725 535 2748 versione
556 2724 680 2754 volgare,
701 2731 714 2746 e
738 2724 873 2746 continua
896 2722 906 2734 ‘¹
920 2731 1035 2755 operum
1056 2723 1207 2746 multorum
1235 2729 1293 2753 pei·-

405 2767 522 2798 “poluit
543 2773 621 2795 evm„
643 2766 767 2795 analogo
788 2766 822 2788 :id
843 2766 874 2793 A,
898 2772 977 2788 senza
993 2765 1086 2796 logica
1100 2764 1241 2788 relazione
1262 2761 1295 2786 ne

363 2815 373 2822 ‘-
404 2816 457 2831 con
478 2808 541 2839 quel
563 2809 611 2830 che
631 2808 746 2839 precede
768 2806 800 2830 n'c
820 2815 871 2829 con
899 2807 1013 2830 l'ineiso
1034 2807 1173 2836 scguente.
1197 2805 1294 2836 “quod

407 2851 419 2862 “
431 2854 524 2874 tamen
546 2851 635 2882 patris
655 2853 706 2872 etc.
720 2868 741 2877 ,.,
762 2850 908 2872 conforme
923 2857 937 2872 a
954 2851 985 2873 Η.
1018 2850 1041 2872 Α
1057 2850 1096 2872 tal
1111 2851 1200 2879 punto
1216 2847 1235 2870 il
1250 2854 1295 2878 pe-

405 2893 487 2917 riodo
507 2891 521 2916 ὲ
541 2894 684 2924 spezzato,
705 2900 751 2922 pcr
773 2892 937 2915 introdurre
957 2899 993 2914 un
1015 2892 1090 2915 altro
1109 2891 1198 2914 brano
1219 2890 1246 2913 (11
1261 2890 1295 2918 Α,

408 2935 419 2947 “
431 2943 446 2958 a
467 2935 646 2965 magnatibus
660 2935 730 2965 ipsis
744 2935 776 2957 <lc
790 2936 883 2957 castro
898 2934 1028 2957 Carraria
1043 2942 1098 2957 ecc.
1109 2952 1130 2961 .,,
1146 2931 1295 2963 ripetendo

404 2976 450 3000 cio
470 2977 519 2999 che
539 2983 584 3000 era
605 2973 650 3006 gia
666 2977 741 2999 stato
757 2975 842 3002 detto,
856 2982 870 2998 e
884 2983 933 3006 per
948 2975 1128 3005 magnificare
1142 2974 1295 2997 l’aumento

347 3025 378 3043 10
405 3019 433 3042 di
449 3019 602 3042 ricchezza.
636 3018 677 3042 La
697 3018 810 3041 dizione
830 3018 972 3050 originale
992 3017 1021 3040 fu
1035 3018 1238 3046 contaminata,
1259 3017 1296 3039 ri—

1348 2635 1505 2659 ducendola
1519 2635 1552 2658 ad
1573 2634 1655 2662 altra.
1675 2634 1723 2657 che
1743 2633 1798 2657 mal
1821 2634 1844 2657 si
1859 2641 1949 2664 regge,
1970 2641 1984 2656 e
2004 2632 2082 2657 rio'e:
2103 2633 2173 2657 “sed
2194 2635 2235 2657 ta-

1350 2678 1436 2700 “men
1457 2686 1471 2700 a
1498 2677 1677 2707 magnatibus
1703 2679 1756 2699 et«.
1782 2677 1827 2699 hic
1853 2677 2065 2706 possessionum
2092 2676 2236 2707 emptione

1349 2721 1503 2751 “paternas
1521 2719 1673 2750 ampliavit
1692 2726 1768 2750 opes,
1787 2718 1866 2741 cuius
1886 2718 2039 2749 emptionis
2059 2720 2177 2749 tempus,
2197 2719 2236 2741 vi—

1349 2761 1477 2784 “delicet
1498 2768 1573 2784 anno
1594 2761 1702 2783 domini
1724 2760 1796 2783 111111.
1817 2761 1897 2789 vent„
1916 2762 1943 2783 et
1962 2760 2067 2783 notarii
2090 2767 2190 2783 nomen
2211 2761 2237 2783 et

1352 2803 1595 2826 “instrumentum
1622 2803 1727 2825 notarii
1757 2803 1846 2833 ipsius
1874 2803 1934 2829 etc„
1966 2801 2026 2832 ipse
2051 2801 2237 2832 subscripsi„

1350 2846 1431 2868 Nella
1451 2845 1558 2868 lezione
1585 2846 1743 2875 originaria
1769 2845 1790 2867 si
1812 2844 1919 2867 doveva
1947 2843 1995 2874 piis
2022 2846 2238 2867 correttamente

1350 2888 1468 2919 leggere,
1488 2887 1609 2910 secondo
1629 2887 1673 2910 del
1695 2888 1767 2909 resto
1788 2887 1816 2909 111
1840 2887 1875 2909 B:
1897 2885 2068 2917 “iscriptum
2091 2894 2145 2909 non
2164 2893 2238 2917 repe-

1352 2929 1439 2961 “rio)‚
1459 2931 1505 2953 sed
1526 2932 1618 2954 tamen
1640 2929 1850 2960 possessionum
1877 2929 2058 2960 emptionem,
2084 2929 2162 2952 cuius
2182 2937 2237 2952 em-

1352 2973 1488 3004 “ptionis
1508 2974 1625 3003 tempus=
1651 2971 1787 2995 videlicet
1812 2973 1874 3000 etc„
1898 2973 1925 2995 et
1952 2971 2059 2995 notarii
2080 2978 2189 3002 nomen,
2211 2973 2238 2994 et

1352 3014 1364 3026 “
1377 3016 1592 3038 instrumentum
1614 3015 1673 3045 ipse
1693 3014 1844 3045 subscripsi
1858 3031 1880 3045 „.

2277 1024 2316 1056 10

2275 1357 2311 1389 15

2275 1690 2315 1721 20

2275 2022 2314 2054 25

2273 2357 2314 2388 30

2267 2808 2296 2833 15

2265 3016 2298 3034 20
