2422 3684
535 359 607 389 140.
631 357 731 398 [140].
755 375 796 380 —
828 358 887 390 Sic
919 358 1022 399 igitur
1055 357 1155 388 rebus
1187 356 1467 398 procedentibus,
1498 358 1701 400 magnificus
1732 358 1890 390 dominus
1921 358 2095 391 Marsilius
2126 359 2171 391 de
2194 358 2279 390 Car-

442 411 534 442 raria
558 411 698 443 domino
723 411 804 442 duci
829 418 862 443 et
885 411 1023 442 comuni
1049 409 1283 441 Veneciarum
1307 411 1392 441 facti
1415 411 1542 442 seriem
1565 420 1628 452 per
1651 421 1729 443 suos
1752 412 1870 444 retulit
1893 412 2026 454 legatos
2040 410 2059 442 ¹.
2107 412 2172 443 Die
2199 421 2280 443 vero

446 474 484 495 VI
503 465 650 507 augusti,
673 465 833 496 comunia
857 463 1091 496 Veneciarum
1107 469 1140 494 et
1158 463 1342 495 Florencie
1359 473 1438 494 suos
1454 463 1615 496 solennes
1632 464 1883 496 ambaxiatores
1905 465 2073 496 miserunt
2096 465 2279 507 magnifico

442 518 584 549 domino
611 518 764 550 Marsilio
790 518 832 549 de
859 515 1018 548 Carraria
1041 526 1138 546 suum
1161 516 1226 548 sibi
1249 516 1441 547 offerentes
1465 516 1649 548 servicium
1675 522 1709 548 et
1739 524 1943 559 perpetuum
1970 528 2130 549 amorem.
2176 517 2279 549 Tunc

444 571 646 613 magnificus
671 570 830 603 dominus
854 569 1029 601 Marsilius
1053 569 1095 599 de
1121 568 1306 600 Carraria²
1330 569 1470 601 domino
1496 569 1587 607 duci,
1613 571 1850 602 communibus
1874 571 2107 603 Veneciarum
2133 576 2169 601 et
2198 569 2280 602 Flo-

442 625 563 656 rencie
588 625 630 656 de
654 624 865 655 salutacione
891 622 955 653 sibi
979 623 1074 653 facta
1097 627 1214 664 grates
1237 622 1393 654 exhibuit
1415 623 1598 654 immensas
1621 633 1662 654 ac
1686 623 1797 654 eciam
1823 624 1866 655 de
1895 623 2080 656 oblacione
2104 634 2166 665 per
2188 623 2281 665 ipsos

443 677 508 709 sibi
532 677 638 715 facta,
663 683 698 708 et
722 677 815 719 quod
839 676 924 716 ipsis
947 675 1014 705 iam
1041 675 1099 706 diu
1125 675 1298 717 obligatus
1321 676 1524 707 intendebat
1547 687 1731 718 numquam
1762 676 1805 708 ab
1829 676 2048 719 obligacione
2078 686 2178 718 posse
2210 675 2279 707 dis-

445 730 543 761 solvi.
591 729 758 761 Licencia
780 730 898 770 itaque
928 737 989 768 per
1021 727 1155 769 legatos
1187 733 1373 769 assumpta,
1405 728 1607 770 magnificus
1639 729 1800 760 dominus
1831 727 2007 761 Marsilius
2029 735 2107 771 post
2129 729 2281 771 ipsorum

443 793 632 821 recessum,
657 788 850 814 convocata
875 780 1013 822 publica
1037 779 1159 821 populi
1177 781 1351 818 contione,
1369 781 1417 812 sic
1435 791 1530 813 orsus
1547 788 1598 812 est
1613 781 1659 813 ad
1675 791 1749 812 eos:
1780 781 1834 813 “O
1851 782 2040 814 fidelissimi
2058 782 2195 819 fratres,
2211 791 2279 812 una

453 837 613 867 “mecum
638 836 787 867 civitatis
811 835 930 865 Padue
955 833 1130 871 concives,
1156 833 1268 865 fateor
1292 845 1346 865 me
1370 835 1468 866 vobis
1491 841 1526 865 et
1549 834 1705 866 dominos
1729 845 1849 866 omnes
1872 835 1916 866 de
1948 835 2109 867 Carraria
2133 835 2277 866 multum

453 889 612 922 “deberi.
659 889 731 920 Iam
755 887 861 919 michi
884 898 953 918 non
986 898 1111 918 novum
1145 893 1240 918 extat
1263 887 1452 920 dominium
1485 887 1605 919 Padue
1631 888 1782 920 civitatis
1813 899 1876 930 per
1901 894 1951 920 tot
1974 895 2088 921 autem
2111 887 2281 930 preterita

449 945 595 975 “secula
617 943 700 973 nulli
727 943 850 974 civium
876 951 1091 977 concessum,
1118 951 1181 981 per
1204 950 1264 972 vos
1288 941 1450 973 alacriter
1474 947 1508 973 et
1531 941 1641 982 primo
1666 942 1783 973 datum
1809 942 1991 985 magnifico
2014 948 2140 984 patruo
2162 948 2280 974 nostro

451 999 464 1013 “
479 997 618 1029 domino
642 995 769 1027 Iacobo
793 995 919 1037 grandi
936 995 979 1025 de
998 993 1166 1029 Carraria,
1185 993 1241 1035 qui
1258 1004 1326 1025 non
1351 1004 1452 1025 secus
1476 1005 1577 1036 quam
1596 1002 1695 1036 pater
1711 1001 1856 1036 paterno
1873 1005 1933 1026 vos
1949 995 2112 1026 tractavit
2133 994 2279 1026 affectu.

449 1050 463 1065 ‘⁴
479 1049 545 1081 Hic
571 1050 710 1081 domino
735 1048 821 1080 Cani
843 1059 879 1079 se
905 1047 1079 1078 feneravit
1103 1047 1271 1077 societate
1297 1053 1330 1078 et
1353 1047 1541 1088 parentela,
1570 1048 1685 1079 dando
1714 1048 1854 1079 domino
1878 1047 2039 1087 Mastino‚
2064 1047 2184 1090 nepoti
2207 1057 2280 1085 suo,

450 1106 464 1120 ‘⁴
478 1103 698 1145 magnificam
721 1102 895 1133 dominam
922 1100 1113 1136 Thadeam,
1131 1099 1236 1130 filiam
1252 1110 1359 1138 suam,
1375 1100 1409 1130 in
1426 1110 1567 1132 uxorem
1584 1101 1802 1132 solummodo
1826 1107 1862 1132 ut
1883 1111 1945 1132 vos
1961 1101 1996 1132 in
2011 1110 2100 1142 pace
2116 1105 2279 1132 servaret.

453 1158 466 1172 ‘⁴
482 1156 656 1196 Deceptus
680 1161 793 1186 autem
818 1165 837 1184 a
862 1153 1002 1184 domino
1027 1153 1124 1184 Cane
1151 1159 1183 1183 et
1208 1152 1281 1183 eius
1306 1162 1490 1193 oppressus
1517 1152 1700 1185 obsidione
1725 1153 1913 1185 dominium
1937 1153 2069 1191 Padue,
2091 1164 2169 1185 cum
2193 1152 2280 1184 illud

451 1210 625 1240 “retinere
651 1214 777 1249 posset,
801 1214 923 1248 sponte
949 1207 1122 1247 deposuit,
1148 1211 1184 1237 ut
1206 1216 1267 1236 vos
1284 1217 1302 1236 a
1319 1215 1519 1248 guerrarum
1545 1207 1746 1248 strepitibus
1770 1207 1944 1239 liberaret.
1990 1205 2096 1244 Quod
2113 1207 2193 1248 quia
2209 1216 2280 1238 non

449 1265 462 1279 ‘⁴
479 1262 634 1303 contigit,
660 1267 696 1292 ut
719 1260 890 1301 sperabat,
915 1259 1140 1291 Theotonicis
1165 1259 1325 1299 expulsis,
1354 1269 1406 1290 me
1438 1259 1612 1291 dominum
1641 1259 1803 1302 elegistis,
1827 1261 1885 1302 qui
1910 1267 2003 1299 tunc,
2027 1260 2166 1292 domino
2193 1258 2279 1291 Cani

453 1317 466 1331 ‘⁶
483 1316 611 1347 viribus
636 1315 749 1355 impar
772 1320 805 1344 et
829 1314 896 1344 iam
921 1312 964 1344 ab
988 1312 1147 1344 omnibus
1174 1312 1368 1349 destitutus,
1394 1312 1492 1344 vobis
1523 1313 1637 1353 potius
1667 1323 1767 1354 quam
1799 1313 1905 1344 michi
1937 1314 2171 1355 compaciens.
2203 1323 2282 1344 cum

451 1369 588 1409 “pactis
611 1367 748 1399 idoneis
772 1377 844 1403 vos,
867 1376 921 1396 me
946 1372 979 1396 et
1003 1366 1180 1397 civitatem
1206 1365 1338 1396 domini
1363 1365 1468 1396 Canis
1491 1364 1644 1397 dominio
1668 1366 1810 1397 subieci.
1849 1366 1954 1398 Cuius
1970 1372 2113 1407 nepotes
2129 1365 2280 1408 qualiter

449 1422 462 1436 “
480 1421 578 1452 nobis
601 1427 703 1461 pacta
726 1419 949 1455 servaverint,
974 1424 1092 1450 notum
1117 1425 1166 1449 est
1184 1419 1257 1449 Deo
1276 1424 1311 1449 et
1326 1418 1467 1449 mundo.
1514 1418 1558 1449 Hi
1583 1424 1617 1449 et
1640 1418 1749 1449 eciam
1785 1428 1853 1450 non
1876 1419 2034 1460 inspecta
2057 1419 2280 1450 defensorum

451 1477 464 1491 ‘⁴
479 1480 682 1511 vestrorum,
705 1472 838 1504 scilicet
855 1472 1138 1508 Carrariensium,
1157 1471 1335 1508 fidelitate,
1361 1472 1454 1513 quod
1479 1471 1630 1503 deterius
1646 1478 1707 1509 est,
1730 1472 1854 1503 nostris
1871 1482 1933 1513 per
1955 1472 2098 1504 insidias
2113 1471 2281 1503 mortibus

450 1527 663 1564 “instamus
686 1536 829 1568 quorum
864 1524 943 1557 boni
975 1525 1039 1555 Dei
1071 1535 1176 1566 opera
1208 1524 1369 1556 fraudato
1394 1524 1583 1566 proposito,
1614 1535 1669 1556 me
1692 1525 1867 1556 dominum
1892 1525 2084 1557 vocavistis.
2133 1525 2191 1557 Sic
2217 1535 2282 1567 ego

450 1581 580 1623 “igitur
603 1579 701 1612 vobis
724 1579 799 1609 iuro
824 1589 960 1620 semper
984 1588 1044 1609 vos
1068 1578 1102 1608 in
1127 1587 1214 1619 pace
1239 1584 1273 1609 et
1297 1578 1432 1609 iusticia
1455 1588 1592 1609 servare
1610 1584 1644 1609 et
1667 1587 1745 1609 cum
1768 1578 1898 1610 auxilio
1915 1579 2042 1610 domini
2062 1578 2171 1616 ducis,
2188 1588 2281 1610 com-

451 1635 464 1649 “
480 1634 631 1665 munium
657 1633 887 1664 Veneciarum
913 1638 947 1662 et
971 1631 1163 1669 Florencie‚
1187 1630 1491 1669 Montemsilicem,
1515 1631 1570 1673 qui
1602 1630 1701 1663 nobis
1724 1641 1766 1663 ex
1795 1631 1947 1663 dictione
1971 1631 2111 1669 actinet,
2134 1641 2282 1673 recupe-

449 1688 462 1703 “
479 1698 566 1724 rare,
590 1696 720 1728 vosque
751 1686 786 1716 in
818 1691 1041 1726 receptorum
1073 1684 1278 1715 damnorum
1301 1684 1665 1726 recompensacionem
1688 1694 1731 1716 ex
1754 1684 1858 1726 longa
1881 1695 2005 1726 guerra
2029 1684 2133 1726 longa
2155 1684 2282 1716 faciam

451 1743 464 1758 “
479 1747 512 1772 et
535 1740 661 1771 salubri
687 1748 774 1778 pace
799 1738 934 1769 diviciis
958 1744 990 1769 et
1016 1738 1114 1769 bonis
1132 1737 1289 1769 omnibus
1307 1736 1548 1769 habundanter
1563 1737 1718 1768 affluere.
1765 1737 1840 1769 Scit
1861 1739 1951 1768 enim
1976 1738 2081 1776 Deus,
2104 1737 2159 1768 cui
2176 1737 2282 1768 nichil

449 1796 463 1810 ⁴⁶
478 1795 650 1826 occultum
674 1800 733 1829 est,
757 1792 851 1834 quod
876 1802 943 1823 non
967 1801 1010 1822 ex
1033 1791 1204 1822 conmodo
1222 1801 1307 1827 meo,
1324 1797 1376 1822 set
1394 1797 1543 1822 vestrum
1567 1791 1715 1822 omnium
1739 1790 1924 1822 dominium
1941 1791 2133 1832 acceptavi,
2149 1796 2186 1822 ut
2202 1801 2282 1832 pax,

450 1849 464 1864 ‘⁴
481 1847 578 1890 quies
602 1852 635 1877 et
659 1845 797 1877 iusticia
821 1855 908 1886 eque
925 1843 1084 1875 omnibus
1100 1844 1350 1882 adl1ibeatur„.
1398 1843 1536 1881 Quibus
1552 1855 1613 1886 per
1638 1843 1810 1875 dominum
1834 1843 2026 1875 Marsilium
2050 1844 2099 1875 sic
2124 1844 2283 1881 narratis,

447 1901 626 1934 clamantis
643 1899 762 1940 populi
779 1908 882 1929 voces
899 1898 1063 1929 tolluntur
1079 1897 1124 1928 ad
1149 1896 1280 1937 [astra]:
1312 1898 1326 1913 “
1341 1896 1529 1939 Magnifice
1554 1897 1698 1934 Mai-sili,
1721 1902 1755 1929 te
1779 1897 1874 1928 Deus
1898 1896 1941 1928 ab
1966 1897 2057 1928 omni
2082 1897 2173 1928 malo
2197 1907 2280 1928 con-

453 1957 602 1985 “servet.
649 1952 705 1983 Tu
729 1962 764 1983 es
788 1958 886 1992 pater
909 1951 1030 1992 patrie,
1055 1961 1134 1991 spes
1156 1957 1283 1988 nostra,
1308 1949 1398 1980 salus
1422 1956 1456 1981 et
1479 1950 1590 1989 vita„.
1638 1950 1734 1981 Illico
1751 1959 1811 1991 per
1828 1949 1999 1981 civitatem
2017 1949 2168 1991 insignia
2183 1949 2283 1981 undi-

448 2017 513 2050 que
538 2007 761 2038 destruuntur
783 2005 863 2036 dela
886 2003 989 2036 Scala
1013 2010 1047 2035 et
1070 2014 1288 2045 quacumque
1315 2014 1357 2034 ex
1381 2004 1490 2035 rubeo
1513 2004 1607 2045 picta
1629 2003 1783 2045 plaustra
1805 2003 1995 2046 refulgent.

539 2105 593 2135 141
623 2102 723 2144 [141].
748 2121 791 2125 -
821 2102 903 2134 Post
933 2101 1181 2134 liberacionem
1217 2101 1367 2132 civitatis
1397 2101 1516 2133 Padue
1549 2100 1740 2132 deliberato
1770 2099 1907 2132 insimul
1936 2099 2106 2132 consilio³
2131 2111 2193 2142 per
2217 2100 2280 2132 do-

448 2159 556 2190 minos
580 2157 771 2188 Marsilium
795 2156 839 2188 de
863 2154 1036 2191 Carraria,
1062 2154 1316 2197 Gueccelonem
1341 2155 1575 2195 Tempestam‚
1599 2154 1803 2186 advocatum
1829 2153 1993 2191 Tarvisii,
2017 2153 2175 2185 Marcum
2196 2154 2282 2186 Cor-

450 2211 546 2242 nario
572 2217 606 2242 et
630 2210 799 2253 (paninum
825 2207 1038 2239 Mauroceno
1063 2207 1106 2239 de
1131 2207 1304 2244 Veneciis,
1328 2207 1520 2239 Marsilium
1546 2208 1589 2238 de
1613 2206 1747 2239 Rubeis
1778 2213 1811 2238 et
1842 2207 2092 2238 ambaxiatores
2123 2207 2280 2238 comunis

449 2263 645 2300 Florencie,
669 2263 828 2294 dominus
854 2261 977 2292 Petrus
1002 2261 1044 2292 de
1070 2260 1201 2292 Rubeis
1225 2271 1301 2292 cum
1326 2261 1473 2293 dominis
1496 2260 1670 2293 Ubertino
1694 2266 1729 2292 et
1752 2259 1909 2291 Marsilio
1933 2260 2115 2301 Papafava
2133 2260 2176 2292 de
2194 2259 2279 2292 Car-

446 2318 538 2349 raria
561 2322 682 2348 contra
706 2315 995 2347 Montemsilicem
1013 2315 1214 2355 capitaneus
1231 2315 1345 2352 exivit,
1363 2315 1459 2346 circa
1483 2314 1580 2346 cuius
1603 2313 1704 2346 castri
1721 2313 1918 2345 fortiliciam
1938 2313 2075 2345 fortiter
2091 2313 2279 2356 pugnando

447 2371 606 2402 dominus
630 2370 753 2401 Petrus
777 2369 821 2400 de
846 2369 989 2405 Rubeis‚
1014 2369 1071 2399 die
1094 2377 1146 2399 vri
1172 2369 1321 2410 augusti,
1344 2367 1417 2399 ictu
1441 2369 1565 2399 lancee
1590 2367 1624 2399 in
1655 2376 1802 2408 corpore
1827 2366 2011 2406 sauciatus,
2036 2367 2092 2399 die
2121 2366 2279 2410 sequenti

450 2424 495 2455 ad
519 2423 702 2456 Dominum
726 2422 906 2464 expiravit.

541 2521 600 2551 142
637 2519 738 2560 [142].
771 2537 814 2542 —
843 2518 977 2551 Eodem
1009 2518 1200 2555 millesimo,
1235 2519 1290 2550 die
1324 2528 1404 2550 xun
1436 2518 1584 2561 augusti,
1616 2518 1717 2550 turris
1748 2528 1868 2558 passus
1893 2518 1936 2549 de
1965 2517 2027 2549 Est
2057 2517 2184 2549 tradita
2214 2516 2282 2548 fuit

447 2574 587 2606 domino
612 2573 765 2604 Antonio
790 2571 833 2604 de
857 2572 981 2609 Lucio,
1005 2572 1116 2614 ipsam
1140 2571 1279 2603 nomine
1303 2571 1483 2614 magnifici
1508 2571 1638 2602 domini
1661 2570 1806 2602 Marsilii
1828 2570 1872 2602 de
1897 2570 2061 2603 Carraria
2083 2569 2280 2612 recipienti.

536 2671 593 2701 143
619 2669 720 2710 [143J.
745 2687 788 2692 —-
811 2669 978 2700 Predicto
1004 2678 1121 2701 mense
1145 2669 1292 2710 augusti,
1326 2669 1382 2700 die
1415 2679 1478 2706 xu,
1503 2668 1711 2710 magnificus
1743 2667 1901 2699 dominus
1932 2667 2107 2699 Marsilius
2137 2667 2281 2709 grandis

451 2724 494 2755 de
517 2722 678 2755 Carraria
702 2722 866 2754 Veneciis
891 2723 956 2754 fuit
980 2732 1058 2753 cum
1084 2722 1221 2753 domino
1247 2721 1334 2753 duce
1360 2728 1393 2754 et
1417 2722 1492 2753 aliis
1515 2721 1562 2753 ibi
1586 2720 1758 2752 nobilibus
1774 2719 1795 2758 ⁴,
1820 2721 1926 2752 multa
1949 2722 1995 2753 ad
2025 2721 2172 2753 invicem
2198 2730 2282 2753 con-

541 2842 562 2859 ι.
582 2834 705 2867 proved]
728 2835 894 2867 compositis
913 2833 936 2859 S
953 2847 986 2850 —
1006 2840 1029 2864 7.
1051 2842 1080 2858 av
1102 2834 1124 2858 S
1144 2846 1173 2850 —
1196 2840 1234 2857 ιι.
1255 2831 1360 2866 autem]
1382 2836 1446 2857 ante
1466 2834 1489 2858 S
1508 2847 1539 2851 -
1562 2839 1600 2857 12.
1624 2831 1720 2864 alacr.]
1741 2833 1830 2856 libere
1850 2833 1872 2855 S
1887 2846 1918 2850 —
1941 2838 1981 2863 17.
2001 2840 2059 2857 non
2080 2834 2174 2864 posset
2203 2833 2225 2857 S
2248 2846 2279 2850 —

451 2885 494 2910 33.
513 2877 631 2901 insimul
651 2885 698 2901 om.
719 2876 740 2899 S
759 2889 790 2894 ·-—
810 2876 854 2907 38.
872 2877 984 2900 saucius
1004 2876 1027 2900 S
1044 2889 1052 2893 —
1079 2876 1214 2900 videlicet
1234 2876 1279 2899 (lie
1299 2875 1320 2898 S

541 2963 547 2978 ¹
570 2966 704 2995 Con’rus„
726 2965 864 2993 Chronica,
884 2964 946 2995 VII,
967 2971 990 2988 2.
1484 2963 1495 2979 ³
1512 2964 1645 2994 Com-us„
1665 2963 1805 2992 Chronica,
1827 2962 1887 2991 VII,
1907 2971 1932 2994 4.

540 3005 550 3020 ²
570 3008 704 3038 Conrus„
727 3007 865 3036 Chronica,
887 3006 950 3037 VII,
969 3014 993 3039 3.
1487 3005 1495 3021 ¹
1515 3005 1652 3035 Coruus„
1673 3005 1810 3036 Chronica,
1832 3005 1893 3035 vn,
1914 3012 1936 3036 5.

2307 835 2344 865 10

2307 1099 2344 1131 15

2303 1365 2344 1396 20

2306 1629 2347 1662 25

2305 1898 2347 1929 30

2305 2205 2345 2238 35

2304 2517 2346 2548 40
