2422 3684
433 209 479 248 34
766 213 940 250 GESTA
967 214 1277 251 MAGNIFICA
1305 215 1494 252 DOMUS
1526 213 1920 254 CARRARIENSIS

424 349 451 371 in
473 349 555 373 terris
575 350 632 372 suis
653 351 679 373 et
697 350 819 373 aliorum
839 350 872 374 de
891 351 975 374 domo
995 357 1044 373 sua
1065 350 1273 380 pertinentibm
1293 352 1320 374 et
1340 351 1372 374 de
1395 350 1488 374 ante
1509 349 1606 382 S:up:‚
1625 352 1671 382 qui
1689 351 1821 375 balneum
1843 353 1938 376 sancte
1959 352 2044 375 Elene
2066 352 2178 383 dicitur,
2200 360 2262 376 cum

422 393 553 417 omnibus
572 395 630 417 suis
650 395 844 425 pertinenciis,
865 398 976 426 recepto
996 395 1028 417 ab
1056 395 1118 425 ipso
1147 393 1300 419 fidelitatis
1319 396 1346 418 et
1371 395 1497 426 homagii
1523 397 1713 425 sacramento,
1737 403 1771 419 ex
1791 396 1910 428 speciali
1928 397 2024 428 gracia
2044 397 2211 421 investimus
2231 399 2259 421 et

424 437 603 468 benignitate
623 439 700 469 regia
720 440 798 463 insen
809 441 908 464 tamus.
930 440 1028 462 dantes
1048 439 1100 462 sibi
1122 445 1205 469 super
1225 447 1256 462 eo
1277 441 1421 470 presentes
1442 440 1531 463 nostri
1554 440 1660 470 regalis
1680 440 1771 471 sigilli
1792 441 1949 464 munimine
1968 441 2126 465 roboratas.

492 482 596 506 Datum
615 482 792 515 Iudemburg,
808 490 857 507 1111
869 484 923 507 kal.
939 483 1046 510 mart-ii,
1061 490 1136 506 anno
1152 482 1270 506 Domini
1288 484 1440 507 millesimo
1454 485 1668 508 trecentessimo
1684 485 1831 516 vigesimo,
1845 486 1924 517 regni
1942 492 2007 508 vero
2023 485 2114 509 nostri
2127 492 2203 509 anno
2218 492 2258 510 vx.

514 579 591 611 Hoc
614 580 833 623 privilegium
865 591 910 612 ex
937 580 1111 611 autentico
1135 580 1265 612 domini
1288 580 1506 622 imperatoris
1529 580 1704 613 Friderici
1728 588 1977 624 transumptum
2010 582 2077 614 suit
2109 588 2144 614 et
2173 593 2265 615 anno
2312 583 2330 614 5

424 632 564 664 Domini
589 633 783 666 MCCCLII
807 634 1024 676 registratum
1049 633 1083 664 in
1107 633 1317 666 cancellaria
1340 634 1496 666 comunis
1519 634 1648 672 Padue,
1673 640 1707 666 et
1729 635 1772 667 ab
1796 635 1878 667 inde
1903 645 1967 678 ego
1991 635 2194 677 exemplavi.

513 739 565 770 99.
589 739 688 781 [lOl].
714 759 754 764 —
778 739 906 780 [AJnno
930 740 1057 771 domini
1081 739 1313 779 MCCCXXI,
1337 740 1430 773 circa
1453 741 1555 772 finem
1578 740 1755 779 februarii,
1778 741 1901 772 iterum
1925 751 2109 784 progresso
2127 742 2265 773 domino

425 792 572 824 Nicolao
597 794 640 825 de
664 793 824 825 Carraria
843 803 919 824 cum
945 793 1084 825 domino
1101 793 1222 825 Ulrico
1240 795 1282 825 de
1301 794 1406 825 Valse
1430 805 1494 836 pro
1518 794 1757 826 ambaxiatore
1776 794 1929 826 comunis
1945 794 2064 826 Padue
2081 795 2125 826 ad
2142 795 2266 826 ducem

424 844 572 884 Austrie,
595 846 638 878 ab
662 846 737 889 ipso
762 846 947 878 decoratus
971 846 1039 877 fuit
1065 846 1204 888 cingulo
1228 846 1368 878 militari
1384 847 1405 879 ¹.

514 953 585 984 100.
609 952 707 994 [103].
736 970 773 976 —
799 953 931 993 [Altino
955 952 1084 984 domini
1109 951 1372 992 MCCCXXVI,
1397 953 1451 986 die
1469 954 1660 995 penultimo
1686 953 1866 990 februarii,
1893 955 1971 986 dum
1991 954 2148 987 dominus
2172 955 2264 986 Con·
2291 955 2329 986 10
2367 979 2370 982 Δ

424 1005 526 1037 radus
550 1006 592 1038 de
616 1005 811 1048 Vigoncia²
836 1007 1014 1038 invasisset
1038 1006 1157 1037 turrim
1190 1006 1317 1038 Curani
1351 1018 1428 1038 cnm
1454 1006 1627 1049 peditibus
1659 1013 1795 1040 centum
1821 1007 2000 1049 ipsamque
2032 1008 2067 1039 vi
2098 1007 2260 1049 cepisset,

422 1059 600 1090 confidens
629 1059 740 1100 ipsam
772 1066 888 1091 tenere
914 1060 1043 1091 auxilio
1069 1060 1195 1091 domini
1220 1059 1324 1092 Canis
1348 1067 1382 1092 et
1404 1061 1639 1092 marchionum
1663 1061 1823 1093 Ferrarie
1847 1067 1881 1093 et
1905 1071 2063 1103 guerram
2089 1060 2263 1093 Paduanis

422 1113 563 1150 inferre,
588 1113 632 1143 ad
655 1113 724 1144 loci
748 1122 946 1144 succursum
972 1118 1198 1144 occurrerunt
1223 1113 1351 1144 domiui
1378 1112 1543 1145 Nicolaus
1566 1120 1599 1145 et
1623 1113 1796 1145 Marsilius
1814 1113 1925 1145 minor
1941 1115 1984 1144 de
2009 1114 2171 1146 Carraria
2195 1119 2264 1144 tur-

421 1167 555 1208 rimque
585 1166 704 1207 [ipsam
738 1166 874 1197 summis
906 1166 1033 1197 viribus
1067 1172 1313 1208 oppugnatam,
1345 1167 1538 1198 insistentia
1568 1167 1673 1207 ipsius
1705 1167 1837 1199 domini
1869 1167 2021 1199 Conradi
2046 1168 2093 1199 nil
2122 1168 2264 1209 profici-

423 1219 566 1260 scente],
590 1225 800 1260 acceperunt
817 1219 945 1261 absque
963 1230 1057 1251 mora
1074 1219 1187 1250 multis
1204 1230 1246 1250 ex
1264 1219 1409 1251 inimicis
1433 1219 1629 1251 interfectis
1653 1221 1837 1263 multisque
1854 1222 2058 1252 summersis.
2097 1221 2262 1253 Dominus
2290 1221 2326 1252 15

423 1279 536 1304 autem
561 1273 741 1304 Conradus
761 1283 824 1313 per
848 1273 1026 1314 predictos
1051 1274 1206 1304 dominos
1231 1273 1414 1305 Nicolaum
1447 1279 1480 1305 et
1505 1272 1695 1305 Marsilium
1721 1274 1846 1306 ductus
1868 1273 2033 1311 Paduam,
2065 1275 2122 1306 die
2143 1269 2261 1306 ‘tercio

422 1326 543 1357 marcii
566 1325 735 1357 millesimi
758 1327 941 1368 prescripti
965 1327 1180 1368 decapitatus
1208 1327 1273 1358 fuit
1297 1326 1331 1358 in
1355 1326 1493 1368 patacio
1518 1327 1672 1358 comunis
1689 1327 1724 1358 in
1742 1327 1862 1358 habitu
1879 1327 2031 1364 militari3
2049 1327 2157 1359 ceteri
2180 1338 2262 1360 vero

423 1378 481 1409 alii
505 1378 635 1419 captivi
659 1388 755 1409 more
779 1380 879 1412 solito
903 1379 1057 1422 iugulati.

511 1487 580 1518 101.
606 1486 705 1528 [1041.
731 1506 775 1511 —
797 1487 955 1528 [Elodem
973 1498 1074 1525 anno,
1094 1488 1148 1519 die
1166 1497 1257 1518 xxm
1276 1486 1481 1524 decembris,
1504 1485 1632 1518 domini
1651 1486 1802 1519 Marcius
1821 1492 1856 1518 et
1874 1486 2055 1531 (jordanus
2076 1486 2222 1529 Forcate
2237 1485 2259 1524 ³,

420 1540 628 1571 Franciscus
651 1541 693 1572 de
718 1540 902 1582 Vigoncia‚
934 1540 1175 1572 Prosdocimus
1199 1540 1352 1581 Calicine
1377 1547 1411 1571 et
1436 1540 1604 1582 Rucerius
1631 1540 1674 1571 de
1700 1539 1878 1579 Flabiano,
1903 1540 2056 1572 accusati
2080 1541 2173 1581 quod
2190 1546 2259 1572 tra·
2282 1541 2325 1572 20

421 1600 549 1625 etatum
573 1595 739 1626 haberent
763 1605 840 1625 cum
865 1594 1006 1626 domino
1033 1594 1177 1625 Nicolao
1202 1593 1245 1625 de
1272 1592 1432 1624 Carraria
1457 1593 1501 1624 de
1526 1593 1706 1634 prodenda
1723 1593 1864 1625 civitate
1888 1599 1922 1625 et
1939 1594 1982 1624 de
2001 1599 2109 1624 morte
2127 1593 2260 1635 aliquo-

420 1659 494 1678 rum
520 1658 562 1678 ex
588 1647 772 1679 maioribus
796 1647 954 1684 civitatis,
984 1647 1142 1679 Veneciis
1166 1647 1394 1683 continantur,
1423 1647 1578 1687 acceptis
1603 1646 1645 1678 ab
1677 1647 1760 1688 ipsis
1790 1646 1967 1678 obsidibus
1998 1647 2130 1678 idoneis
2163 1648 2257 1692 quod

423 1701 613 1732 confinibus
648 1707 821 1742 parerent.
868 1701 965 1731 Ilanc
998 1706 1111 1731 autem
1143 1700 1416 1731 confinacionem
1448 1700 1607 1730 dominus
1641 1699 1805 1731 Nicolaus
1836 1700 1889 1731 de'
1921 1700 2084 1731 Carraria
2117 1699 2259 1732 moleste

420 1755 548 1791 ferens,
573 1764 648 1785 cum
676 1756 709 1785 in
734 1755 785 1784 sui
812 1754 967 1786 iniuriam
992 1754 1121 1785 factam
1147 1759 1326 1790 assereret,
1353 1754 1409 1784 die
1433 1752 1586 1784 secundo
1610 1753 1692 1789 iulii,
1710 1754 1746 1784 in
1769 1752 2052 1789 MCCCXXV11,
2078 1753 2121 1784 de
2139 1751 2259 1785 Padua

420 1808 585 1839 recessit⁴
611 1814 645 1839 et
668 1807 840 1838 Venecias
866 1807 1043 1847 protectus
1069 1813 1130 1844 est,
1155 1817 1303 1848 moxque
1328 1817 1406 1837 cum
1432 1807 1574 1837 domino
1599 1806 1694 1838 Cane
1719 1813 1754 1838 et
1776 1805 1949 1838 Paduanis
1974 1805 2175 1837 extrinsecis
2203 1816 2256 1837 so·
2281 1805 2321 1837 25

421 1862 579 1892 cietatem
605 1861 703 1892 inivit
727 1868 848 1892 contra
872 1860 1025 1892 Paduam
1051 1859 1096 1900 [et
1113 1860 1199 1892 alios
1224 1871 1342 1891 omnes
1368 1859 1410 1891 de
1436 1858 1596 1890 Carraria
1626 1859 1745 1891 Padue
1770 1858 1994 1900 defensores],
2018 1859 2118 1890 cuius
2148 1859 2258 1890 socie-

416 1914 496 1945 tatis
520 1924 622 1945 causa
646 1913 792 1945 Iacobus
816 1920 849 1944 et
874 1912 1066 1950 lacobinus,
1091 1913 1164 1944 eius
1190 1913 1259 1950 lilii,
1277 1913 1418 1943 fuerunt
1435 1911 1555 1944 Padue
1573 1912 1740 1944 carcerati
1759 1917 1794 1943 et
1817 1911 1890 1942 eius
1914 1911 2036 1943 domus
2060 1911 2205 1952 spoliate
2224 1917 2258 1942 et

417 1967 591 1998 subverse.
640 1966 766 1998 Postea
789 1977 881 2005 vero,
907 1967 962 1997 die
995 1976 1042 1997 xv
1075 1966 1282 2003 decembris,
1307 1966 1458 2007 predicti
1481 1964 1629 1997 Iacobus
1653 1971 1686 1996 et
1710 1963 1894 1996 Iacobinus
1918 1974 1979 2005 per
2011 1965 2188 1996 dominum
2214 1965 2258 1997 de

418 2019 616 2062 Ovestagno
641 2021 735 2051 ducti
759 2021 901 2051 fuerunt
923 2020 958 2050 in
984 2019 1165 2051 Alemania
1189 2019 1370 2050 carcerati.

510 2129 580 2159 102.
606 2126 706 2167 [105].
730 2145 774 2149 —
795 2126 951 2167 [Elidem
969 2126 1158 2166 millesimo,
1177 2127 1233 2157 die
1253 2135 1355 2157 xxvu
1373 2125 1587 2166 septembris,
1604 2125 1777 2167 Ricardus
1795 2125 1838 2155 de
1856 2123 1999 2155 Camino
2013 2123 2024 2140 ⁵
2043 2134 2104 2163 per
2128 2131 2255 2156 terram
2280 2125 2322 2156 30

418 2181 561 2213 Baxiani
587 2191 662 2211 cum
688 2181 783 2211 elmis
806 2181 964 2212 ducentis
989 2181 1031 2211 de
1059 2181 1148 2211 Foro
1173 2180 1250 2211 Iulii
1275 2180 1445 2221 equitavit
1476 2180 1746 2221 Galcegnanum,
1778 2178 1906 2209 deinde
1930 2177 2149 2209 Pernumiam
2174 2187 2254 2219 per-

416 2236 519 2273 venit,
545 2235 599 2266 ubi
625 2234 782 2266 dominus
811 2234 971 2265 Nicolaus
995 2234 1037 2264 de
1063 2233 1222 2265 Carraria
1247 2243 1324 2264 cum
1359 2232 1532 2263 Paduanis
1564 2232 1767 2264 extrinsecis
1799 2237 2046 2269 convenerant,
2077 2242 2155 2263 cum
2179 2232 2255 2273 qui-

416 2288 479 2320 bus
502 2289 612 2319 eciam
636 2288 793 2320 interfuit
817 2287 976 2318 dominus
1001 2286 1134 2318 Hector
1158 2286 1200 2318 de
1226 2286 1465 2328 Savorgnano.

508 2395 578 2425 103.
603 2393 702 2434 [100].
736 2411 767 2415 —-
793 2392 952 2434 [Elodem
978 2393 1173 2431 millesimo,
1198 2392 1254 2424 die
1280 2402 1346 2424 xm
1372 2391 1536 2427 octubris,
1561 2391 1716 2423 dominus
1741 2390 1906 2422 Nicolaus
1931 2391 1973 2422 de
1992 2391 2152 2423 Carraria
2177 2400 2253 2422 cum

418 2447 593 2479 Paduanis
617 2447 817 2478 extrinsecis
841 2454 873 2477 et
896 2446 1054 2488 gentibus
1079 2446 1153 2477 aliis
1178 2446 1367 2489 [armigeris
1380 2445 1402 2483 θ,
1429 2454 1495 2487 que
1519 2443 1563 2475 ad
1581 2445 1691 2485 ipsum
1715 2444 1974 2484 convenerantJ,
1992 2444 2156 2486 equitavit
2172 2449 2251 2475 ante
2276 2443 2317 2476 35

417 2508 549 2543 portam
573 2506 692 2531 sancte
717 2500 847 2537 Crucis,
870 2499 930 2540 [ibi
955 2499 1106 2541 denique
1131 2499 1217 2531 fecit
1240 2499 1400 2530 insultum
1425 2499 1462 2530 in
1486 2497 1675 2538 civitatem]
1699 2506 1841 2537 sperans
1865 2496 1909 2527 ad
1931 2507 2025 2528 arma
2050 2507 2254 2538 promovere

510 2621 547 2638 10.
569 2615 637 2637 Item
657 2621 732 2637 anno
752 2613 775 2637 S
800 2628 822 2631 -
849 2620 884 2643 ¹3-
906 2613 990 2643 sucu}
1011 2614 1252 2644 revuperationem
1274 2619 1338 2635 mox
1359 2611 1382 2635 S
1399 2624 1430 2628 ——
1455 2617 1540 2641 14-15.
1555 2610 1645 2641 ipsam
1659 2610 1774 2632 summis
1787 2628 1791 2632 .
1805 2625 1829 2632 ..
1842 2627 1847 2632 .
1863 2609 2057 2640 proficiscente
2071 2617 2164 2632 manca
2179 2609 2205 2632 in
2220 2609 2257 2633 M

421 2671 451 2674 —
476 2664 513 2687 ις.
533 2656 635 2687 accep.}
656 2659 866 2682 ovi-npnvcrunt
887 2656 908 2680 S
926 2668 935 2673 -
957 2654 1047 2687 inim.]
1069 2656 1198 2678 hostibus
1221 2655 1242 2678 S
1260 2667 1292 2671 —
1316 2652 1353 2677 16.
1373 2651 1442 2683 aut]
1464 2659 1530 2675 vero
1552 2652 1574 2676 S
1591 2664 1599 2668 -
1620 2652 1751 2682 captivus
1771 2650 1987 2674 1’ad.advectus
2002 2651 2024 2676 S
2038 2664 2070 2668 —-
2086 2657 2126 2681 17.
2140 2652 2209 2675 maii
2229 2651 2252 2676 S

420 2713 427 2717 -
448 2701 476 2723 in
498 2700 610 2731 palacio
630 2699 761 2722 comunis
783 2700 809 2720 in
832 2699 930 2721 habitu
950 2698 1128 2728 deta—nitatur
1149 2698 1269 2720 militari
1291 2697 1313 2720 S
1332 2709 1364 2712 —-
1389 2695 1425 2718 18.
1443 2695 1544 2727 jugulo
1565 2696 1631 2717 sunt
1651 2694 1778 2716 damnati
1798 2694 1821 2717 S
1838 2707 1869 2710 —<
1894 2701 1932 2723 ιτ).
1952 2695 2025 2726 junii
2043 2694 2065 2717 S
2079 2706 2106 2710 -
2122 2699 2164 2724 24.
2179 2700 2252 2716 asse-

419 2741 502 2772 reret]
523 2743 618 2773 aperte
638 2744 821 2772 cognosceret
843 2742 864 2764 S
882 2754 913 2758 -
934 2740 974 2764 26.
994 2743 1021 2763 et
1041 2741 1113 2763 alios
1126 2757 1132 2763 .
1145 2758 1150 2762 ,
1163 2758 1185 2763 ..
1207 2739 1368 2762 defensores
1388 2746 1481 2761 manca
1500 2737 1526 2759 in
1549 2737 1583 2759 Al
1601 2750 1630 2753 —
1652 2736 1740 2766 27-28.
1755 2737 1886 2759 subverse
1901 2743 1986 2766 usque
2000 2735 2034 2759 ad
2057 2735 2251 2764 fundamenta,

418 2785 466 2815 qui
488 2783 608 2815 predicti
628 2783 744 2806 lat-osus
764 2787 790 2805 et
812 2782 962 2805 Iacobinus
984 2787 1081 2812 postea
1103 2788 1167 2805 vero
1183 2781 1229 2804 die
1243 2787 1295 2803 xw
1315 2779 1469 2803 decembris
1490 2785 1537 2810 per
1558 2778 1580 2801 S
1599 2791 1630 2795 —
1651 2784 1691 2808 3²·
1712 2777 1855 2800 Paduanis
1875 2786 1923 2801 om.
1942 2777 2008 2802 3-
2023 2784 2067 2808 34.
2082 2776 2250 2808 magnificus

420 2826 551 2849 dominus
572 2826 594 2849 S
612 2838 644 2842 —
664 2830 706 2856 35.
726 2824 942 2855 armigeris....
963 2831 1081 2847 conven.
1102 2831 1195 2847 manca
1215 2823 1243 2846 in
1263 2823 1297 2845 M
1312 2833 1345 2839 —
1364 2819 1407 2852 36.
1428 2821 1539 2844 ibi....
1560 2820 1707 2842 civitatem
1726 2828 1819 2843 manca
1837 2821 1863 2843 in
1884 2821 1921 2843 M

508 2922 516 2939 ¹
538 2923 675 2954 Com-us„
697 2923 833 2950 Chronica,
852 2921 900 2952 ΙΙΙ,
925 2929 947 2946 1.
1449 2916 1459 2932 ⁴
1479 2917 1618 2948 COR-rus„
1643 2917 1780 2948 Chronica,
1801 2917 1850 2947 111,
1871 2924 1895 2949 7,
1914 2925 1927 2941 e
1950 2923 1990 2942 12.
2283 2922 2315 2940 10

509 2966 519 2981 ²
540 2966 674 2993 Com-us,
696 2965 833 2995 Chronica,
854 2963 901 2993 ΙΙΙ,
921 2964 946 2988 6.
1451 2959 1462 2975 ⁵
1479 2960 1618 2991 Conrusq
1643 2960 1780 2989 Chronica,
1802 2960 1850 2991 111,
1872 2966 1913 2985 12.

507 3005 518 3023 ³
539 3008 676 3038 Comus„
697 3008 837 3036 Chronica,
855 3006 904 3037 111,
924 3012 947 3037 7.
1451 3000 1462 3016 ⁶
1483 3002 1620 3034 Com-us„
1644 3002 1783 3032 Chronica,
1802 3001 1851 3032 111,
1873 3009 1912 3026 12.
