2422 3684
69 2944 100 2961 10

483 260 655 295 GESTA
686 260 987 297 MAGNIFICA
1018 263 1200 298 DOMUS
1229 263 1620 300 CARRAROENSJS
1923 270 1969 303 83

129 481 305 503 manorum
330 473 544 514 imperatoris
576 473 667 504 iussu
701 473 775 505 loca
808 474 974 517 Forijulii‚

128 524 243 556 silicet
267 524 420 562 Utinum,
453 525 618 557 sacillum
650 531 683 557 et
714 526 780 556 alia
813 527 898 564 1063,
931 529 973 558 (16

129 578 254 619 quibus
277 579 452 616 victualia,
476 586 578 620 prout
602 591 661 611 sue
687 586 760 611 erat
788 581 975 618 facultatis,

128 631 163 662 in
187 632 450 664 necessitatibus
475 633 669 672 capiebant.
717 633 857 664 Interim
890 644 975 676 gens

128 683 224 726 regia
249 684 539 716 derobacionibus
555 685 699 716 assiduis
723 692 755 716 et
778 686 975 717 indesinen-

127 736 217 767 tibus
234 737 515 768 concursionibus
538 743 699 779 patavum
718 738 905 770 infestabat
921 750 972 770 so·
1007 743 1008 748 ¹

126 789 219 827 lum¹,
251 800 292 821 eo
328 791 420 831 quod
452 791 563 822 favori
598 791 742 822 Venetis
778 791 878 823 heros
908 791 973 823 Pa-

126 848 221 873 tavus
257 843 385 874 viribus
419 844 500 875 totis
533 843 692 881 instabat,
727 843 851 886 quibus
886 846 973 876 adeo

126 895 348 933 afficiebatur,
365 898 470 938 quod,
487 897 551 928 nisi
568 897 642 928 fata
658 898 702 929 ad
716 898 972 939 respiciendum

125 949 175 980 sui
214 956 248 981 et
283 960 420 980 suorum
457 951 675 982 commodum
715 951 830 983 herois
868 951 973 992 ipsius

125 1002 271 1034 animum
305 1004 541 1041 inclinassent,
577 1005 654 1037 loca
685 1012 811 1046 patava
843 1005 973 1036 doloris

124 1056 271 1095 aculeos,
303 1058 596 1099 quemadmodum
625 1058 799 1095 tarvisina,
831 1069 971 1100 persen-

123 1109 256 1141 sissent.
303 1111 374 1142 Sed
398 1111 550 1147 tandem,
576 1111 869 1144 confederacione
894 1123 970 1153 per-

124 1163 246 1204 quisita
270 1164 358 1195 inter
381 1174 499 1206 regem
523 1165 633 1206 ipsum
659 1172 694 1197 et
718 1165 837 1197 Padue
866 1166 974 1206 presi-

125 1216 227 1248 dem²
258 1217 426 1260 simulque
457 1218 553 1255 inita,
584 1218 705 1250 Padua
737 1220 811 1260 ipsa
842 1230 861 1250 a
893 1230 971 1261 pre-

124 1269 225 1301 dictis
249 1270 534 1303 concursionibus
558 1272 695 1303 vacavit
708 1271 729 1302 ³.
763 1273 868 1310 Quod
885 1273 972 1304 adeo

123 1322 189 1354 fuit
211 1322 352 1355 Venetis
376 1334 515 1356 exosum
526 1325 548 1362 ⁴,
572 1326 665 1367 quod
690 1325 866 1356 dominum
895 1324 970 1356 Ma·
1004 1332 1006 1344 ’

122 1376 233 1407 rinum
256 1376 480 1415 Mauroceno,
505 1377 624 1409 Padue
650 1385 868 1420 potestatem,
893 1385 970 1410 ante

125 1435 257 1470 tempus
271 1429 423 1462 debitum
437 1430 602 1462 Veneciis
620 1437 873 1463 revocaverunt
891 1441 973 1463 con-

123 1489 243 1524 traque
278 1483 424 1515 formam
458 1490 639 1525 pactorum
677 1485 822 1526 presidis
856 1485 971 1526 patavi

121 1535 186 1567 sibi
209 1536 318 1568 salem
342 1538 570 1579 denegarunt.
611 1537 740 1580 Sicque
765 1544 886 1569 contra
902 1549 972 1568 ma-

121 1589 284 1630 gnificum
309 1590 485 1621 dominum
509 1591 734 1623 Franciscum
751 1592 793 1622 de
811 1592 970 1624 Carraria

122 1642 232 1683 primo
257 1643 373 1674 odium
397 1644 529 1686 incepit
546 1644 770 1676 Venetorum.
798 1644 889 1676 Dum
906 1645 970 1676 1166

122 1695 225 1738 igitur
248 1702 395 1738 aguntur
419 1704 453 1729 et
477 1708 537 1728 rex
560 1697 633 1738 ipse
659 1708 734 1729 cum
753 1698 914 1740 gentibus
937 1705 971 1730 et

122 1748 272 1781 subsidio
289 1751 462 1791 magnifici
481 1752 613 1783 domini
629 1752 809 1783 Francisci
827 1753 870 1783 de
888 1752 973 1784 Car—

123 1803 211 1834 raria
224 1803 318 1834 circa
332 1805 536 1846 capcionem
554 1810 646 1836 terre
664 1805 816 1837 Tarvisii
833 1806 972 1837 summis

124 1856 252 1888 viribus
287 1857 446 1895 intendit,
474 1860 625 1901 dumque
663 1860 756 1890 circa
795 1865 972 1891 construc-

123 1910 253 1942 tionem
284 1911 497 1943 edificiorum
529 1913 835 1955 machinarumque
867 1912 972 1954 pluri-

123 1975 212 1995 mum
237 1964 450 2005 impenditur
473 1965 577 1996 studii
607 1972 640 1997 et
672 1966 810 2004 laboris,
841 1967 972 2007 placuit
1004 1989 1005 2001 ¹

123 2027 252 2048 summo
285 2018 440 2059 pontifici
473 2024 578 2056 tanto,
611 2019 638 2050 si
664 2024 790 2060 posset,
817 2019 971 2051 Venetos

123 2080 247 2111 guerre
265 2081 369 2102 onere
387 2071 570 2103 sullevare.
611 2072 767 2115 Moxque
793 2072 969 2104 dominum
1003 2083 1004 2086 ¹

124 2123 395 2163 Boniohannem‚
419 2125 595 2156 firmanum
625 2126 838 2167 episcopum,
874 2137 969 2157 suum
1003 2142 1005 2155 ι

124 2177 349 2218 apostolicum
366 2179 527 2210 nuncium
546 2178 655 2219 primo
674 2178 857 2216 Venecias,
875 2179 972 2210 dein-

125 2230 167 2261 de
202 2231 247 2261 ad
282 2241 400 2273 regem
432 2231 521 2262 misit
552 2231 806 2274 Hungarorum,
839 2238 969 2263 sumoto

123 2283 214 2314 inter
236 2289 352 2324 partes
375 2284 526 2322 dissidio,
552 2284 595 2316 de
620 2295 708 2326 pace
736 2292 968 2317 tractaturum.

125 2334 191 2367 Pro
216 2337 311 2368 cuius
335 2337 475 2376 effectu,
500 2338 527 2369 si
545 2338 717 2379 possibilis
732 2339 832 2377 foret,
857 2346 970 2380 partes

212 2553 219 2569 ¹
234 2554 369 2584 Comus,
386 2556 524 2584 Chronica.
539 2554 587 2583 XI,
603 2555 632 2579 S:
649 2554 661 2567 “
676 2556 826 2580 Gualdana
842 2564 922 2588 saepe
945 2560 1019 2580 tran-

124 2597 219 2620 “sibat
241 2597 396 2625 Musonem,
417 2598 547 2622 auferens
566 2599 681 2630 predam
711 2601 738 2622 in
768 2601 899 2631 paduano
921 2601 1018 2624 (listri-

126 2638 210 2663 “t-tu:
236 2641 329 2663 tamen
356 2640 391 2663 ab
416 2640 574 2664 homicidio
593 2643 620 2664 et
643 2641 778 2665 incendio
799 2643 959 2666 abstinebat
989 2656 1019 2658 —

125 2680 271 2705 “Rex....
299 2689 356 2705 11011
378 2684 492 2714 poterat
518 2684 660 2712 ordinare,
689 2692 721 2707 ne
741 2685 886 2708 auferrent
907 2685 1019 2717 predam

127 2722 138 2734 ‘⁴
151 2723 183 2746 de
203 2724 334 2755 paduano
355 2725 488 2748 districtu
502 2743 523 2755 ,,.

213 2764 223 2780 ²
250 2764 385 2795 Comus„
415 2768 554 2797 Chronica,
582 2768 627 2796 XI,
648 2768 681 2791 S:
704 2768 716 2781 ³
730 2769 794 2792 Erat
815 2770 866 2792 1106
887 2770 1019 2792 omnibus

124 2806 234 2832 “timor
254 2817 378 2840 magnus.
419 2811 557 2833 Dominus
578 2810 682 2837 Padue,
704 2813 820 2842 cupiens
842 2813 868 2834 in
885 2812 1018 2835 omnibns

127 2848 261 2874 “civibus
286 2853 344 2875 suis
371 2853 530 2883 providere,
556 2854 651 2883 querit
678 2854 829 2877 consilium
858 2862 873 2877 a
900 2855 1019 2882 civinut,

129 2891 217 2923 “quid
238 2893 325 2916 sitin
351 2895 434 2918 tanto
461 2895 590 2926 periculo
618 2895 790 2919 faciendum.
829 2896 963 2920 Consilio
991 2897 1019 2919 in

128 2934 245 2958 “triduo
267 2936 323 2959 iam
343 2938 507 2967 peraeto,
528 2945 667 2961 consensu
687 2940 825 2965 omniurn,
848 2940 922 2970 regis
950 2940 1018 2962 ami-

129 2976 249 3000 “citiam
268 2978 355 3009 eiegIt
373 2979 475 3002 habere
495 2992 527 2996 —
548 2980 627 3003 misit
647 2981 680 3003 ad
697 2987 789 3011 regem
806 2981 931 3003 nobilem
946 2980 1019 3012 lega-

126 3017 257 3042 “tionem
278 3027 338 3042 cum
359 3021 530 3051 muneribus,
545 3024 572 3045 et
587 3023 772 3046 concordium
788 3022 894 3045 firmum
909 3022 938 3046 fit
958 3030 1019 3045 eum

1041 894 1078 924 10

1039 1161 1074 1191 15

1035 1696 1074 1726 25

1035 1964 1074 1993 30

1133 475 1202 507 cito
1227 476 1295 507 6110
1319 476 1442 508 mando
1468 488 1486 507 a
1502 483 1626 509 metter
1647 489 1767 519 campo
1786 480 1922 512 intorno
1940 483 1972 513 31

1135 530 1276 560 castello
1294 530 1337 562 de
1355 530 1462 561 Asoio
1486 530 1497 560 i
1522 531 1614 562 conti
1632 532 1674 562 de
1693 533 1791 569 (31116,
1811 533 1853 564 (16
1874 534 1972 565 Pam-

1135 580 1242 622 bergo
1273 586 1306 612 et
1329 580 1373 611 de
1398 580 1514 618 Valse‚
1539 582 1548 611 i
1573 583 1665 623 quali
1690 593 1752 623 per
1787 595 1888 616 nome
1917 586 1972 617 del

1135 634 1229 665 dicto
1253 645 1290 665 re
1309 644 1392 674 pose
1415 635 1550 666 assedio
1575 635 1607 666 al
1624 635 1717 667 dicto
1735 638 1892 671 castello:
1919 649 1973 669 ma

1133 697 1177 717 no
1201 688 1300 727 passo
1326 687 1357 718 el
1381 697 1473 718 mese
1499 688 1564 719 che
1595 688 1738 732 Quamne
1770 690 1972 728 Foscharim

1133 746 1246 771 rector
1271 739 1327 771 del
1353 740 1446 772 dicto
1464 740 1576 784 luogo,
1594 741 1733 773 habudo
1751 744 1860 784 prima
1877 745 1973 786 algu-

1133 794 1167 824 ni
1192 794 1285 834 pacti
1310 804 1374 824 con
1399 794 1407 824 i
1433 794 1516 826 dicti
1540 795 1634 826 conti
1653 802 1687 826 et
1711 796 1847 839 dadoge
1872 809 1908 829 so
1930 799 1972 829 fio

1132 857 1193 887 per
1217 846 1363 883 obstase,
1386 847 1441 888 po'
1476 847 1586 879 rende
1618 849 1649 879 el
1685 850 1883 882 sovradicto
1918 862 1972 882 ca-

1132 899 1243 937 stello,
1266 900 1361 931 salvo
1386 899 1418 931 lo
1442 900 1548 932 haver
1573 911 1591 931 e
1614 901 1647 933 le
1670 912 1828 942 persone.
1861 904 1974 935 Simil-

1131 958 1243 983 mente
1261 953 1272 982 i
1289 954 1383 984 conti
1403 953 1447 984 da
1471 952 1620 985 Collalto
1637 964 1702 987 con
1718 956 1800 998 ogni
1818 967 1876 988 soa
1893 968 1971 998 pos—

1130 1015 1233 1048 sanca
1263 1005 1411 1037 s'acostb
1442 1006 1473 1036 al
1506 1007 1592 1038 ditto
1625 1019 1678 1045 re;
1711 1009 1741 1040 el
1775 1010 1973 1050 patriarcha

1131 1059 1283 1090 etiandio
1319 1059 1480 1101 d’Agolia
1515 1070 1578 1101 per
1609 1063 1895 1095 comandamento
1929 1065 1971 1095 de

1132 1111 1363 1152 l’imperador‚
1376 1123 1413 1143 so
1429 1113 1528 1151 frelo,
1542 1114 1586 1145 da
1598 1113 1724 1151 Sacile,
1741 1115 1785 1147 da
1799 1116 1923 1148 Udene
1939 1124 1972 1149 et

1131 1164 1186 1195 dai
1208 1165 1284 1196 altri
1308 1176 1344 1197 so
1370 1166 1464 1208 luogi
1488 1167 1497 1196 i
1524 1168 1730 1210 favorecava
1755 1175 1788 1200 et
1819 1170 1973 1213 sovignia

1130 1217 1173 1248 de
1197 1218 1365 1250 victuaria
1389 1219 1479 1250 nelle
1504 1230 1540 1251 so
1558 1222 1741 1254 necessita.
1788 1223 1826 1254 In
1851 1231 1971 1266 questo

1130 1281 1227 1313 111660
1251 1271 1283 1302 13
1306 1278 1408 1313 gente
1433 1272 1489 1304 del
1512 1284 1548 1304 re
1574 1284 1637 1305 con
1656 1276 1819 1307 continue
1838 1276 1972 1308 robarie

1129 1331 1162 1355 et
1185 1335 1301 1365 spesse
1328 1326 1475 1356 correrie
1493 1326 1666 1359 infestava
1683 1329 1787 1360 molto
1805 1330 1835 1360 61
1854 1338 1971 1361 terren

1131 1378 1174 1408 de
1200 1377 1304 1414 pava,
1327 1379 1455 1419 perche
1475 1379 1503 1410 61
1522 1381 1705 1422 magnifico
1722 1383 1846 1413 mesier
1863 1383 1972 1414 Fran-

1131 1440 1231 1461 cesco
1263 1441 1328 1462 con
1362 1438 1447 1464 tutte
1483 1434 1513 1464 16
1552 1444 1589 1465 so
1625 1435 1724 1477 force
1760 1436 1971 1479 favorecgava

1130 1484 1223 1525 quilli
1249 1484 1293 1515 da
1317 1485 1477 1522 Venesia,
1501 1486 1532 1516 ai
1557 1486 1648 1528 quali
1666 1487 1733 1519 ello
1750 1489 1860 1520 havea
1876 1495 1971 1521 tanta

1130 1537 1306 1575 affection,
1333 1539 1456 1575 che‚se
1482 1540 1515 1570 la
1538 1540 1679 1572 fortuna
1702 1552 1745 1572 no
1772 1542 1803 1573 lo
1829 1543 1971 1574 havesse

1130 1591 1307 1623 inclinado
1332 1593 1377 1623 ad
1393 1594 1543 1634 guardar
1561 1594 1593 1625 el
1609 1605 1645 1625 so
1663 1595 1784 1627 dextro
1803 1602 1837 1627 et
1853 1597 1968 1638 quello

1132 1644 1165 1674 di
1191 1654 1227 1675 so
1253 1644 1393 1683 citadin,
1411 1645 1441 1676 le
1467 1646 1545 1676 ville
1571 1653 1605 1678 et
1630 1647 1640 1677 i
1666 1648 1759 1690 luogi
1783 1649 1840 1679 del
1858 1661 1968 1691 pavan

1130 1697 1298 1728 haverave
1323 1698 1411 1730 senti
1435 1698 1530 1740 (1111111
1558 1699 1669 1731 dolori
1694 1708 1728 1732 et
1753 1702 1869 1740 danni,
1905 1703 1969 1734 che

1129 1750 1225 1781 fasea
1250 1751 1345 1792 quilli
1363 1752 1419 1783 del
1444 1752 1594 1784 trivisan.
1638 1753 1696 1784 Ma
1722 1765 1784 1795 pur
1809 1756 1875 1786 3113
1894 1757 1970 1793 tine,

1131 1803 1305 1846 cercha-do
1330 1811 1363 1835 et
1379 1804 1473 1836 facto
1497 1812 1599 1846 pacto
1623 1812 1675 1838 tra
1691 1808 1723 1838 el
1740 1807 1834 1839 dicto
1852 1819 1888 1839 re
1906 1820 1923 1839 e
1950 1809 1971 1840 ’1

1130 1856 1245 1898 signos
1277 1857 1399 1887 mesier
1422 1857 1630 1895 Francesco‚
1656 1859 1773 1891 Padoa
1801 1862 1966 1903 6011161160

1130 1920 1147 1940 a
1165 1920 1281 1941 cessar
1305 1910 1394 1941 dalle
1419 1910 1566 1942 robarie.
1603 1911 1653 1943 La
1678 1913 1756 1955 qual
1782 1924 1863 1945 cosa
1880 1915 1916 1946 fo
1935 1915 1968 1946 in

1130 1970 1223 1994 tanto
1248 1965 1327 1995 odio
1351 1976 1370 1995 a
1394 1964 1489 2005 quilli
1514 1964 1559 1995 da
1584 1966 1746 2004 Venesia,
1763 1968 1826 1999 che
1843 1968 1899 1999 6111
1917 1980 1971 2000 re-

1131 2017 1265 2048 chiamo
1291 2028 1309 2047 a
1334 2028 1414 2049 casa
1436 2028 1548 2049 meser
1571 2018 1684 2050 Marin
1718 2021 1882 2058 Moresin,
1907 2032 1969 2062 po-

1129 2070 1225 2101 desta
1249 2070 1292 2101 de
1318 2070 1421 2109 Pava,
1439 2071 1538 2113 nauci
1558 2072 1589 2102 61
1606 2078 1723 2113 tempo
1740 2073 1858 2105 debito
1877 2075 1969 2106 della

1128 2124 1324 2163 potestaria‚
1349 2130 1381 2154 et
1406 2125 1493 2165 nego
1519 2124 1550 2155 al
1575 2125 1669 2156 dicto
1701 2125 1819 2168 signor
1843 2127 1873 2158 el
1897 2129 1968 2159 sale

1129 2182 1249 2207 contra
1274 2176 1305 2206 13
1330 2176 1441 2207 forma
1465 2177 1500 2207 di
1518 2178 1622 2217 pacti.
1669 2178 1711 2209 Et
1732 2179 1800 2211 cosi
1827 2189 1967 2211 comen-

1128 2230 1167 2271 60
1192 2230 1224 2260 61
1248 2229 1357 2270 primo
1382 2230 1460 2261 odio
1486 2230 1528 2261 de
1547 2231 1646 2271 quilli
1665 2232 1708 2263 da
1726 2232 1870 2265 Vinesia
1886 2243 1969 2264 con—

1128 2292 1178 2313 tra
1204 2283 1232 2312 el
1262 2283 1444 2324 magnifico
1469 2283 1587 2325 signos
1617 2285 1741 2316 mesier
1772 2286 1968 2318 Francesco

1129 2336 1173 2367 da
1197 2335 1351 2367 Carrara.
1398 2335 1456 2367 Ma
1480 2335 1515 2366 in
1538 2343 1658 2378 questo
1674 2338 1834 2380 instante,
1850 2339 1915 2371 che
1933 2350 1968 2371 se

1220 2454 1258 2478 16.
1280 2456 1404 2478 victoria
1425 2455 1488 2478 PE

1077 2562 1088 2568 ⁴·
1103 2564 1165 2588 rege
1176 2574 1199 2587 ‚,.

1161 2598 1170 2613 ³
1188 2599 1322 2628 CORTUS.‚
1347 2599 1484 2627 Chronica,
1504 2599 1550 2629 XI,
1572 2599 1602 2623 δι
1626 2598 1638 2611 “
1654 2600 1732 2624 Unde
1747 2599 1818 2633 (rex)
1830 2619 1836 2625 .
1849 2617 1856 2625 .
1869 2620 1891 2624 ..
1907 2609 1968 2632 pas·
2016 2612 2025 2617 -

1072 2642 1083 2654 “
1096 2649 1141 2664 sus
1162 2642 1295 2669 munivit,
1316 2649 1348 2664 ne
1369 2642 1432 2672 quis
1453 2641 1647 2665 damnificaret
1663 2643 1810 2666 Paduanos
1825 2646 1851 2666 et
1866 2644 1898 2667 de
1913 2644 1966 2667 hoc

1071 2684 1083 2697 “
1097 2684 1163 2707 feeit
1183 2683 1303 2706 edictum
1317 2685 1344 2707 et
1359 2684 1634 2708 contrafacientibus
1649 2691 1748 2717 penam
1770 2687 1872 2708 statuit
1892 2687 1966 2717 capi-

1076 2727 1087 2739 “
1100 2726 1183 2750 talem
1205 2730 1253 2749 εἰσ.
1269 2743 1290 2755 „.

1076 2814 1086 2823 ‘⁴
1099 2811 1267 2834 odiosum
1280 2827 1286 2838 ,
1306 2811 1438 2841 quoniam
1456 2818 1563 2841 semper
1577 2812 1670 2835 virtus
1685 2813 1759 2842 parit
1775 2813 1912 2835 invidiam
1934 2826 1964 2829 —
1999 2816 2010 2832 2

1160 2766 1169 2781 ⁴
1196 2768 1329 2798 Comus„
1359 2769 1497 2799 Chronica,
1524 2769 1569 2797 Xl„
1597 2769 1628 2793 S:
1658 2770 1741 2794 “Hoc
1770 2771 1824 2793 fnit
1848 2771 1966 2794 Venetis

1075 2855 1085 2865 ⁴¹
1101 2853 1201 2876 Veneti
1224 2853 1376 2881 intimanti,
1395 2856 1549 2876 asserentes
1577 2854 1724 2877 dominum
1750 2854 1842 2878 Padue
1871 2855 1965 2879 fovere

1073 2895 1164 2925 “regi,
1185 2897 1391 2918 revocaverunt
1411 2902 1472 2918 eum
1492 2895 1641 2923 hilarinum
1663 2896 1826 2919 „Mores-inum
1849 2900 1968 2926 potesla-

1075 2935 1160 2968 “lsm)
1180 2939 1244 2959 ante
1271 2938 1380 2967 tenipus
1400 2939 1427 2960 et
1450 2937 1628 2967 denegarunt
1649 2938 1688 2961 sal
1710 2939 1861 2962 secundnm
1883 2942 1965 2971 pacta

1075 2979 1125 3002 “et
1146 2979 1273 3002 fecerunt
1293 2979 1364 3002 alias
1386 2980 1531 3003 novitates
1544 2997 1570 3010 „-
