2422 3684
738 275 910 311 GESTA
940 275 1239 310 MAGNIFICA
1269 274 1452 309 DOMUS
1483 273 1873 310 CARRARIENSIS

715 407 856 439 REDAz.
881 407 914 439 A

389 478 538 519 ispanus,
557 479 744 520 apostolice
769 479 859 510 sedis
876 479 1123 520 superveniens
1140 478 1232 521 lega·-

391 538 453 568 tus,
478 532 615 574 longum
634 537 667 563 et
684 533 909 572 compositum
928 542 1119 562 sermonem
1137 541 1233 562 orsus

391 591 453 623 est,
478 585 692 616 conciudens
717 596 840 626 papam
867 584 994 615 hortari
1020 585 1232 626 suadereque

391 647 431 668 ac
455 638 588 678 precari
614 638 706 669 orbis
731 638 922 678 principem
939 644 972 668 et
989 636 1232 668 Lombardiam

389 690 423 721 in
449 690 590 722 brachio
615 691 694 722 forti
720 692 859 728 intrare,
877 691 1061 731 disponere
1079 691 1124 721 acl
1142 691 1234 721 evel-

389 744 510 775 lendas
533 745 613 776 inde
637 751 758 787 gentes
781 745 888 775 maIas
912 750 956 780 et,
982 753 1046 784 que
1071 749 1169 774 erant
1196 744 1231 773 in

390 797 498 834 Italia,
523 797 712 838 societates,
728 798 908 838 ipsumque
927 797 1127 838 pontificem
1154 807 1234 828 con-

390 850 517 881 ducere
543 851 698 888 Romam,
713 850 925 881 annuncians
941 850 1046 891 ipsius
1062 850 1234 891 pontificis

389 903 574 934 adventum
600 904 643 934 ad
670 914 817 934 mensem
835 903 926 940 maii,
943 913 1010 945 que
1029 904 1137 943 primo
1156 913 1232 943 pre-

390 955 524 987 dixerat
547 957 589 987 ad
614 966 764 987 mensem
793 957 939 998 augusti.

478 1160 552 1194 277.
577 1178 617 1182 —
644 1160 751 1192 Cuius
775 1160 903 1192 domini
928 1159 1082 1201 episcopi
1110 1158 1233 1190 verbo-

389 1225 461 1244 rum
486 1213 708 1245 conciusione
726 1220 854 1250 secuta,
873 1213 1093 1254 imperatorio
1110 1223 1150 1243 ex
1167 1213 1233 1242 ius-

389 1278 426 1298 su
452 1268 537 1297 alter
560 1267 699 1308 quidam
728 1266 926 1297 alemannus
950 1265 1135 1306 episcopus
1159 1266 1233 1296 lon-

389 1331 467 1362 ⁴gam
497 1319 673 1351 contexuit
705 1319 915 1356 oracionem,
942 1318 1165 1360 prudenciam
1198 1323 1231 1349 et

389 1373 511 1404 bonam
536 1373 757 1404 volumtatem
780 1372 1025 1403 commendans
1049 1373 1233 1412 imperato-

388 1427 433 1457 ris
458 1426 501 1456 ad
518 1426 666 1457 italicum
685 1426 898 1462 descensum,
916 1425 1027 1466 obque
1046 1425 1136 1455 hanc
1153 1434 1233 1455 cau-

388 1490 458 1510 sam
482 1485 532 1510 tot
555 1479 751 1519 principum
776 1485 809 1509 et
834 1478 1000 1509 baronum
1031 1478 1159 1508 factam
1184 1476 1230 1507 ibi

388 1532 678 1563 convocacionem
703 1541 806 1572 super
829 1531 1023 1562 huiusmodi
1047 1530 1231 1561 descensus

388 1586 507 1617 ordine
523 1585 705 1626 capiendo,
724 1585 756 1615 in
776 1585 846 1615 fine
865 1584 1078 1616 concludens
1101 1583 1145 1614 de
1163 1584 1232 1614 exi-

387 1638 547 1670 stentium
572 1638 619 1668 ibi
651 1638 844 1678 principum
877 1648 1045 1669 consensu
1075 1643 1228 1677 paratum

387 1693 497 1732 ipsum
522 1692 694 1722 dominum
712 1692 955 1732 imperatorem
976 1690 1154 1731 papalibus
1173 1700 1231 1720 vo-

387 1745 427 1775 tis
453 1751 485 1775 et
509 1745 553 1775 ad
578 1744 761 1775 terminum
787 1754 908 1784 parere
934 1749 1106 1775 statutum.

477 1905 549 1937 278.
569 1923 599 1926 —
619 1904 703 1935 Cum
719 1903 823 1944 igitur
836 1909 911 1944 post
926 1903 1048 1933 muitas
1062 1908 1095 1934 et
1109 1903 1230 1933 multas

388 1956 585 1997 legaciones
617 1963 737 1996 captus
769 1957 860 1986 foret
891 1956 975 1986 ordo
1007 1957 1050 1986 de
1082 1956 1230 1996 impera-
1262 1982 1263 1985 ,

388 2010 470 2040 toris
492 2009 598 2050 ipsius
615 2010 782 2040 descensu
807 2009 935 2046 futuro,
953 2009 995 2039 de
1020 2019 1134 2039 mense
1152 2018 1229 2049 sep-

388 2062 528 2093 tembris
552 2062 760 2103 sexagesimi
778 2061 903 2098 octavi,
927 2063 974 2092 uti
1001 2062 1104 2092 etiam
1129 2061 1228 2093 datus

388 2117 500 2146 fuerat
517 2115 560 2146 de
578 2116 697 2146 summi
715 2115 891 2156 pontificis
909 2115 1089 2151 descensu,
1113 2124 1229 2145 sumus

387 2168 459 2209 ipse
485 2169 640 2209 pontifex
663 2168 940 2200 Florentinorum
958 2178 1120 2209 persuasu
1138 2167 1230 2198 ordi-

388 2233 465 2253 nem
489 2221 694 2262 permutavit
718 2222 903 2253 descensus
920 2221 1024 2262 ipsius
1047 2220 1229 2261 imperato-

388 2275 444 2311 ris,
468 2284 622 2305 asserens
645 2284 681 2305 se
706 2275 749 2305 ad
767 2284 908 2315 presens
925 2283 995 2304 non
1017 2283 1120 2314 egere
1137 2273 1228 2314 quod

388 2328 550 2359 comitatu
582 2337 643 2358 sno
676 2327 861 2358 duceretur
884 2327 917 2357 in
945 2325 1076 2358 urbem.
1124 2324 1229 2362 Quod

389 2388 422 2412 et
445 2382 575 2412 factum
601 2381 673 2412 fuit.
723 2381 809 2411 Nam
835 2381 1022 2420 imperator
1046 2380 1119 2420 ipse
1136 2379 1229 2420 paci-

389 2435 472 2466 ficus
497 2440 530 2465 et
554 2434 666 2465 animo
682 2440 781 2475 grato
798 2433 979 2475 papalibus
996 2432 1114 2463 annuit
1130 2432 1228 2469 votis,

390 2497 431 2519 eo
456 2486 550 2529 quod
574 2487 640 2517 iam
657 2497 822 2518 summam
839 2486 1049 2517 decimarum
1065 2485 1229 2526 pecunia-

389 2540 469 2570 lium
494 2539 651 2571 Ecclesie
676 2539 827 2570 debitam
853 2540 895 2570 de
920 2539 1026 2580 ipsius
1051 2538 1229 2579 pontificis

389 2593 579 2635 collegerat
596 2591 767 2623 mandato.
799 2590 933 2628 Quibus
949 2592 1065 2633 itaque
1082 2591 1130 2622 sic
1148 2601 1229 2622 con-

389 2646 517 2687 positiS‚
536 2646 692 2676 dominus
715 2656 804 2686 papa
831 2652 921 2676 ratus
937 2651 987 2676 est
1010 2655 1125 2676 secum
1151 2645 1229 2675 Flo-

389 2699 544 2730 rentinos
567 2699 664 2729 unire
689 2705 734 2736 ut,
754 2697 969 2739 fragantibus
991 2698 1084 2738 ipsis,
1109 2704 1228 2729 contra

390 2752 546 2783 dominos
570 2751 801 2783 vicecomites
823 2757 940 2792 posset
963 2756 1069 2782 marte
1086 2756 1228 2781 conten-

388 2806 482 2844 dere,
515 2805 611 2836 cuius
636 2805 723 2836 votis
755 2804 921 2846 cogitatio
946 2814 1014 2835 non
1038 2803 1227 2845 respondit.

388 2858 476 2888 Nam
492 2858 646 2899 requisiti
664 2858 856 2889 Florentini
874 2858 938 2898 ipsi
952 2857 996 2889 de
1010 2857 1133 2888 unione
1151 2867 1226 2888 cum

475 3026 499 3050 6.
519 3028 682 3058 disponeret
703 3028 738 3050 ss!
754 3039 785 3044 —·
806 3033 839 3058 ²9
870 3028 973 3051 mensis
998 3029 1029 3051 M

1301 902 1338 931 10

1300 1220 1336 1250 15

1296 1490 1336 1519 20

1293 2068 1334 2099 30

1293 2598 1333 2628 40

1291 2855 1330 2886 45

1710 406 1853 438 REDAZ.
1879 406 1912 437 D

1390 477 1482 509 bona
1505 478 1686 520 spagnolo‚
1718 478 1748 509 el
1782 477 1861 519 qual
1889 487 1948 509 era
1981 483 2082 520 conto
2113 478 2134 508 11
2164 488 2235 509 am-

1391 530 1521 562 baxaor
1545 532 1587 562 de
1618 531 1741 562 mesier
1772 531 1805 562 lo
1838 541 1937 572 papa,
1971 528 2136 571 comenco
2168 539 2235 560 una

1391 584 1494 625 longa
1511 590 1545 615 et
1561 584 1678 626 polida
1703 595 1842 627 arenga,
1868 582 2112 615 concludando
2130 582 2195 613 che
2213 581 2236 612 ’l

1393 648 1482 678 papa
1506 638 1721 674 confortava‚
1746 637 1960 678 persuadeva
1984 642 2018 667 et·
2034 645 2185 678 pregava
2203 635 2235 666 el

1391 691 1551 732 principo
1576 691 1633 722 del
1657 691 1796 727 mondo,
1811 692 1876 721 che
1894 690 1960 721 ello
1979 689 2111 721 volesse
2128 689 2236 719 intrat

1390 743 1425 773 in
1448 743 1657 775 Lombardia
1682 754 1748 775 con
1766 744 1855 774 forte
1873 744 1976 785 bruco
1994 742 2037 773 ad
2054 742 2151 772 voler
2165 747 2236 772 trar

1392 796 1436 827 de
1462 796 1492 827 12¹1
1518 797 1548 827 le
1573 797 1659 827 male
1683 802 1788 837 gente
1814 802 1848 828 et
1871 796 1902 826 le
1928 794 2146 837 compagine,
2170 794 2234 826 che

1394 859 1452 880 era
1475 850 1510 880 in
1536 850 1644 887 Italia,
1670 857 1703 881 et
1727 850 1791 881 che
1816 850 1882 881 ello
1907 850 1938 879 el
1962 849 2097 880 volesse
2118 857 2235 879 menar

1393 912 1411 932 3
1434 902 1556 938 Roma,
1574 902 1861 944 annunciandoge
1880 903 1944 933 che
1963 901 1994 932 la
2011 900 2163 944 vignuda
2180 900 2235 932 del

1393 955 1489 986 dicto
1514 955 1638 986 mesier
1669 955 1700 986 10
1730 966 1821 996 papa
1852 965 1970 987 serave
1994 955 2052 986 del
2075 965 2167 985 mese
2191 954 2234 984 de

1392 1019 1499 1051 niaco,
1513 1009 1544 1039 13
1568 1009 1645 1052 qual
1670 1009 1737 1040 ello
1762 1009 1872 1040 havea
1889 1009 2001 1049 prima
2018 1009 2111 1040 dicto
2129 1008 2235 1039 dover

1391 1072 1483 1093 esser
1508 1062 1564 1093 del
1589 1072 1680 1093 mese
1707 1063 1749 1093 de
1776 1068 1906 1104 agosto.

1480 1158 1555 1191 277.
1581 1176 1620 1180 —-
1649 1157 1804 1201 Seguida
1840 1158 1871 1188 la
1907 1157 2109 1189 conclusion
2143 1157 2233 1189 dene

1392 1212 1511 1252 parole
1537 1212 1579 1242 de
1603 1218 1723 1253 questo
1738 1221 1898 1249 vescovo,
1915 1223 1960 1242 un
1978 1211 2065 1242 altro
2083 1220 2233 1242 vescovo

1393 1265 1548 1295 alemano
1573 1265 1617 1295 de
1642 1263 1926 1296 comandamento
1956 1263 2234 1304 dell'imper'ador

1392 1317 1437 1348 fe’
1455 1328 1522 1349 una
1539 1318 1642 1360 longa
1665 1317 1810 1354 diceria‚
1828 1317 2068 1348 comendando
2086 1316 2116 1348 el
2133 1326 2234 1347 saver

1393 1377 1425 1401 et
1449 1371 1481 1402 13
1504 1371 1594 1402 bona
1619 1371 1758 1402 volunta
1782 1370 1839 1402 del
1864 1371 1956 1401 (licto
1980 1370 2178 1410 imperador
2201 1370 2233 1401 al

1391 1425 1486 1455 voler
1510 1424 1624 1466 vignir
1648 1424 1683 1454 in
1708 1423 1817 1460 Italia,
1842 1430 1875 1455 et
1900 1433 1961 1464 per
1977 1429 2096 1465 questa
2124 1433 2229 1454 cason

1391 1487 1483 1508 esser
1507 1477 1531 1507 li
1556 1477 1651 1508 facta
1668 1476 1701 1508 13
1718 1477 1958 1508 convocacion
1975 1476 2019 1507 de
2036 1476 2122 1508 tanti
2141 1477 2234 1518 prin-

1391 1529 1459 1570 cipi
1485 1536 1518 1561 et
1542 1530 1662 1561 baroni
1682 1541 1744 1569 per
1760 1530 1835 1570 piar
1854 1530 1984 1562 ordene
2001 1529 2068 1560 alla
2083 1529 2234 1571 vignuda

1391 1583 1444 1614 del
1464 1582 1556 1614 dicto
1574 1583 1780 1624 imperador,
1799 1583 2040 1614 concludando
2066 1582 2097 1614 el
2114 1592 2233 1614 sovra-

1391 1636 1484 1667 dicto
1509 1636 1706 1677 imperador
1729 1637 1773 1667 de
1797 1636 2063 1667 consintimento
2087 1635 2130 1666 de
2154 1635 2232 1667 tutti
2268 1677 2278 1681 „

1390 1689 1401 1719 i
1426 1689 1556 1725 baroni,
1574 1690 1638 1720 che
1656 1700 1714 1720 era
1738 1690 1770 1726 li,
1792 1701 1849 1720 era
1867 1689 2059 1730 appariado
2077 1688 2120 1720 de
2137 1689 2233 1720 voler

1389 1742 1653 1773 condescender
1676 1743 1707 1773 ai
1733 1742 1838 1773 voleri
1864 1743 1906 1773 de
1930 1742 2054 1773 mesier
2078 1742 2110 1773 lo
2143 1752 2233 1784 papa

1390 1801 1424 1828 et
1448 1796 1479 1826 al
1504 1801 1657 1827 termene
1681 1796 1872 1827 ordenado.

1479 1902 1551 1936 278.
1577 1920 1617 1923 -—
1643 1901 1772 1933 Siando
1798 1902 1935 1933 doncha
1959 1902 2036 1933 drio
2060 1902 2164 1934 mone
2197 1908 2232 1934 et

1389 1955 1492 1986 molte
1519 1955 1709 1986 ambaxade
1734 1965 1835 1996 preso
1853 1956 1981 1986 ordene
2000 1955 2091 1987 (leila
2111 1956 2230 1998 vignu-

1389 2009 1433 2040 da
1459 2008 1502 2039 de
1527 2008 1758 2049 l'imperador,
1776 2007 1808 2038 la
1825 2009 1901 2049 qual
1920 2008 2031 2040 dovea
2055 2019 2148 2040 esser
2173 2009 2229 2041 del

1388 2073 1478 2093 mese
1504 2063 1548 2094 de
1572 2061 1768 2103 septembre
1793 2061 1847 2092 del
1872 2069 2013 2093 sexanta
2042 2068 2133 2104 octo,
2159 2061 2230 2094 cosi

1388 2124 1487 2146 como
1512 2114 1663 2145 etiandio
1689 2125 1746 2145 era
1770 2114 1813 2145 da
1837 2115 1960 2146 ordine
1978 2115 2032 2146 del
2051 2115 2162 2157 vignir
2186 2115 2229 2147 de

1388 2167 1513 2198 mesier
1529 2167 1562 2198 10
1579 2177 1678 2208 papa,
1697 2167 1728 2197 el
1747 2167 1841 2199 dicto
1865 2168 1990 2200 mesier
2007 2168 2039 2199 lo
2057 2178 2148 2210 papa
2165 2178 2228 2210 per

1388 2219 1587 2260 persuasion
1613 2218 1645 2249 di
1671 2219 1865 2251 Fiorentini
1883 2221 2009 2252 mando
2027 2220 2150 2253 ordine
2168 2221 2225 2254 del

1387 2282 1424 2303 so
1450 2272 1738 2315 vignir,digando
1763 2273 1826 2305 che
1851 2275 1883 2305 al
1907 2280 2067 2315 presente
2092 2275 2161 2305 ello
2185 2284 2228 2306 no

1387 2325 1496 2357 havea
1520 2325 1664 2368 bisogno
1682 2326 1746 2357 che
1765 2338 1827 2367 per
1843 2327 2016 2359 conducto
2036 2328 2078 2358 de
2095 2326 2228 2369 l’impe-

1386 2379 1490 2410 rador
1513 2379 1581 2410 ello
1605 2380 1697 2410 fosse
1722 2381 1868 2411 menado
1893 2391 1911 2412 a
1929 2381 2051 2412 Roma.
2091 2380 2134 2412 Et
2158 2380 2229 2411 cosi

1387 2432 1423 2464 fo
1452 2433 1558 2469 facto,
1590 2432 1718 2473 perche
1751 2432 1973 2474 l'imperador
2009 2433 2156 2474 pacifico
2193 2438 2228 2464 et

1388 2496 1454 2517 con
1469 2492 1567 2528 grato
1590 2485 1702 2516 animo
1720 2486 1847 2518 assenti
1871 2487 1902 2518 31
1923 2487 2020 2518 voler
2044 2487 2086 2518 de
2104 2486 2226 2518 mesier

1388 2539 1421 2570 lo
1446 2549 1546 2580 papa,
1570 2537 1744 2580 percoche
1769 2538 1835 2568 ello
1859 2548 1944 2568 area
1981 2538 2020 2580 ca
2043 2547 2159 2569 scosso
2183 2537 2226 2569 de

1387 2591 1675 2623 comandamento
1699 2590 1742 2621 de
1767 2592 1892 2622 mesier
1916 2591 1948 2621 lo
1972 2601 2063 2632 papa
2088 2590 2118 2621 13
2140 2590 2226 2622 desi·

1387 2656 1441 2675 ma
1458 2644 1492 2675 di
1504 2644 1628 2683 dinari,
1642 2644 1706 2675 che
1721 2644 1832 2674 dovea
1850 2644 1954 2675 haver
1967 2644 1999 2675 la
2012 2644 2151 2675 Gliiesa.
2177 2643 2226 2675 Le

1387 2698 1468 2739 qual
1485 2707 1564 2729 cose
1581 2697 1700 2728 siando
1714 2696 1784 2728 cosi
1799 2697 1937 2734 ordenssu
1950 2697 2076 2727 mesier
2092 2696 2124 2727 lo
2138 2707 2228 2737 papa

1386 2751 1492 2792 penso
1517 2749 1560 2781 de
1584 2750 1660 2781 unir
1683 2750 1694 2780 i
1719 2749 1904 2781 Fiorentini
1930 2759 1994 2781 con
2016 2750 2072 2788 lui,
2097 2751 2225 2792 acoche

1387 2804 1594 2846 dagandoge
1618 2803 1714 2845 quilii
1739 2804 1768 2834 el
1787 2814 1824 2835 so
1845 2803 2009 2841 subsidio,
2035 2804 2102 2835 ello
2127 2814 2226 2846 posse

1387 2856 1564 2887 combater
1589 2866 1652 2888 con
1678 2857 1687 2887 i
1712 2857 1838 2899 signori
1866 2857 2037 2888 Visconti.
2062 2858 2121 2888 Ma
2139 2857 2168 2888 el
2187 2867 2225 2888 so
