2422 3684
415 217 462 252 38
793 211 962 248 GESTA
989 211 1292 247 MAGNIFICA
1322 212 1508 248 DOMUS
1537 214 1922 253 CARRARIENSIS

411 349 599 381 membrum
631 349 667 380 in
699 355 819 392 patera
849 349 893 382 ad
925 350 1030 381 instar
1062 349 1173 381 exenii
1205 350 1476 390 presentandum
1507 351 1725 383 meretricale
1757 352 1952 390 destinavit,
1977 353 2073 385 cuius
2099 354 2246 386 ardebat

412 413 539 435 amore.
586 402 644 434 Sic
668 410 739 436 tota
762 404 822 436 illa
845 403 920 436 dies
942 405 978 436 in
1001 404 1119 435 furore
1144 409 1267 435 exacta
1291 409 1352 440 est,
1377 404 1549 436 clamante
1581 415 1718 445 semper
1740 406 1775 436 in
1805 407 1954 447 platheis
1977 407 2107 448 populo
2128 408 2247 449 Prodi-

414 461 503 488 tores
527 457 625 494 mori,
650 458 814 500 populum
838 458 963 495 vivere,
988 467 1053 489 nec
1078 457 1270 499 aliquorum
1295 463 1409 489 tamen
1435 458 1576 490 nomina
1599 460 1712 499 palam
1739 460 2019 492 effundebantur.
2066 461 2125 493 Sic
2150 461 2246 493 deni-

412 521 478 552 que
503 511 716 552 pernoctatis
740 512 866 554 vigiliis
893 523 1000 552 pavor
1031 512 1121 543 intra
1153 517 1320 553 extraque
1352 512 1483 548 urbem,
1514 512 1680 554 undique,
1712 513 1805 545 cives
1837 514 2040 556 occupabat.
2085 514 2246 546 Diluculo

411 573 495 595 vero
521 564 724 603 lucescente,
750 566 930 597 consorcio
955 564 1171 596 dominorum
1194 564 1389 607 Oppiconis
1413 571 1446 597 et
1476 565 1629 603 Nicolai‚
1660 577 1729 598 una
1752 577 1828 598 cum
1852 568 1934 608 ipsis
1958 580 1975 598 e
1999 567 2076 599 foro
2100 577 2247 609 egressa,
2271 566 2289 598 5

413 617 552 649 Ronchi
579 629 703 649 nomen
728 619 912 656 exlamant,
936 620 1046 660 ipsum
1071 618 1224 661 undique
1248 625 1380 661 petunt,
1405 630 1507 661 quem
1532 619 1566 651 in
1591 620 1727 651 domum
1753 621 1854 653 amici
1876 632 1918 653 ex
1942 621 2068 653 fiducia
2085 621 2247 652 latentem

414 670 486 711 ipse
511 672 634 704 timens
659 673 787 705 amicus
810 673 938 714 populo
962 673 1115 705 exhibuit
1139 674 1170 705 in
1196 673 1318 706 lucem.
1365 673 1432 705 Hic
1456 674 1548 705 mille
1572 685 1651 706 mox
1678 676 1858 707 confossus
1881 675 2007 718 gladiis
2035 686 2097 716 per
2120 684 2247 706 cenosa

413 725 517 755 trivia
541 730 575 757 et
599 725 672 757 vias
696 736 785 758 unco
810 732 1001 767 pertractus
1025 727 1062 758 in
1085 727 1199 759 tocius
1223 726 1342 768 populi
1366 727 1565 767 spectaculo
1582 728 1775 769 procubuit.
1822 729 1904 760 Eius
1921 729 2042 760 domus
2058 728 2151 760 illico
2169 727 2247 759 sub-

414 778 553 809 stanciis
579 779 736 810 omnibus
760 780 916 821 spoliata.
962 781 1063 812 Tunc
1087 781 1195 822 plebs,
1228 790 1446 822 quocumque
1478 781 1546 812 fert
1576 781 1734 823 impetus,
1765 782 1980 815 convertitur
2009 783 2051 813 ad
2083 782 2247 823 predam:

416 832 460 862 ad
486 832 606 864 domos
628 833 848 865 concurritur
871 835 1107 876 quorumdam,
1132 845 1219 876 quos
1243 834 1335 866 Petri
1362 840 1395 866 et
1419 833 1558 866 Ronchi
1581 835 1711 866 amicos
1735 836 1827 867 fama
1851 836 2066 876 predicabat,
2096 835 2249 867 conden-
2275 833 2313 864 10

416 891 557 927 sataque
581 886 744 917 ruralium
760 888 943 919 multitudo
960 888 1003 919 ad
1020 888 1115 919 illum
1136 887 1320 920 delendum
1345 893 1380 919 et
1397 888 1439 919 ad
1456 888 1551 920 illum
1569 889 1793 922 acclamabat.
1840 888 1994 931 Cumque
2020 900 2096 921 cum
2121 888 2246 919 suffra-

415 939 577 980 gancium
602 940 742 971 miiitum
769 940 936 973 catervis¹
963 947 1186 973 concurreret
1212 942 1319 973 Dinus
1334 947 1496 983 potestas.
1513 953 1729 984 nequaquam
1755 943 1925 976 sufficiens
1946 949 2020 975 erat
2040 948 2134 974 tante
2158 940 2249 973 obsi-

415 998 503 1023 stere
528 993 747 1031 multitudini,
773 1005 839 1035 que
864 1005 942 1026 cum
966 995 1158 1034 evaginatis
1184 995 1310 1035 gladiis
1333 1006 1511 1026 numerum
1536 1001 1583 1026 xm
1607 1002 1642 1028 et
1658 997 1746 1028 ultra
1769 996 1977 1038 complebat.
2027 996 2097 1028 Sed
2122 996 2154 1026 in
2180 995 2249 1025 hoc

417 1045 565 1076 civitatis
591 1045 786 1078 discrimine
813 1054 1039 1080 occurrerunt
1063 1049 1162 1089 copie
1189 1049 1403 1081 dominorum
1426 1049 1616 1091 Oppiconis
1632 1055 1666 1081 et
1681 1049 1828 1090 Nicolai‚
1845 1061 1912 1092 que
1938 1050 2142 1082 obstinatam
2167 1047 2251 1079 mul-

415 1099 597 1131 titudinem
623 1101 722 1132 minis
745 1102 910 1133 instantes
935 1102 1071 1134 tandem
1099 1113 1116 1133 a
1144 1103 1320 1143 proposito
1352 1108 1618 1134 summoverunt.
1663 1104 1701 1134 ΥΠ
1733 1103 1801 1135 hoc
1833 1103 1906 1135 fere
1936 1103 2075 1135 instanti
2100 1101 2250 1133 Vercius
2278 1098 2315 1130 15

417 1152 556 1183 Ronchi
581 1154 683 1184 rurali
711 1160 806 1185 veste
831 1160 1021 1191 contectus,
1045 1161 1083 1186 ut
1107 1155 1269 1196 populum
1297 1155 1444 1192 falleret,
1469 1155 1512 1187 ab
1537 1155 1725 1197 episcopali
1749 1157 1813 1188 ede
1838 1166 1900 1198 per
1923 1156 2013 1187 hanc
2038 1159 2251 1187 contractam

418 1205 616 1242 decurrens,
639 1217 658 1236 a
681 1207 923 1238 consodalibus
947 1207 1163 1239 dominorum
1188 1208 1378 1248 Oppiconis
1401 1213 1435 1240 et
1460 1209 1597 1240 Nicolai
1615 1209 1749 1249 agnitus
1773 1215 1834 1247 est,
1860 1209 2119 1251 fugientemque
2143 1206 2252 1239 Fran-

417 1258 529 1289 ciscus
553 1259 596 1290 de
623 1258 832 1299 Capitevace
857 1267 890 1292 et
913 1261 1085 1293 Iohannes
1107 1262 1316 1293 Franciscus
1340 1261 1384 1293 de
1417 1261 1633 1293 Galmarellis
1658 1273 1735 1294 cum
1766 1262 1844 1294 aliis
1868 1261 2072 1305 sequacibus
2095 1259 2250 1297 insecuti,

417 1311 465 1341 nil
493 1312 572 1353 equi
592 1313 719 1343 auxilio
736 1314 990 1354 proficiscente,
1013 1315 1151 1346 tandem
1176 1315 1434 1356 interceperunt
1457 1325 1603 1356 moxque
1619 1316 1808 1358 ingulatum
1825 1327 1888 1357 per
1904 1315 2049 1347 eandem
2067 1315 2168 1351 viam,
2184 1324 2251 1356 qua

418 1364 565 1405 suaerat,
590 1366 624 1396 in
650 1366 760 1397 forum
786 1367 880 1398 iuxta
905 1367 1011 1404 patris
1043 1369 1194 1399 cadaver
1225 1374 1477 1408 pertraxerunt.
1524 1369 1575 1400 Ea
1608 1368 1684 1400 dies
1714 1369 1775 1401 sub
1807 1369 1909 1401 armis
1939 1375 2016 1400 acta
2047 1374 2108 1406 est,
2140 1367 2252 1399 cuntis
2275 1366 2316 1397 20

418 1418 686 1450 formidantibus
711 1420 845 1451 civibus
871 1420 1055 1452 adventum
1074 1421 1178 1453 Canis
1203 1421 1353 1453 Grandis
1371 1422 1413 1453 ad
1431 1433 1545 1454 muros
1562 1432 1603 1453 ac
1627 1422 1733 1454 eciam
1752 1433 1795 1453 ne
1818 1422 1917 1464 plebs
1932 1422 1999 1453 iam
2024 1428 2173 1453 crassata
2189 1421 2251 1453 sub

419 1472 568 1502 tenebris
592 1473 703 1503 noctis
726 1473 886 1504 instantis
911 1474 1066 1505 diffusim
1093 1474 1265 1506 civitatem
1291 1475 1421 1516 rapinis
1445 1475 1614 1516 expilaret
1637 1475 1813 1517 flamisque
1837 1481 2005 1508 exureret.
2053 1473 2130 1512 Que
2155 1479 2253 1506 erant

417 1525 508 1556 forte
535 1526 659 1567 futura,
684 1527 745 1557 nisi
770 1537 836 1558 nox
861 1527 939 1558 data
966 1527 1055 1560 foret
1079 1528 1346 1561 carrariensibus
1369 1529 1607 1569 custodienda,
1631 1540 1772 1571 quorum
1799 1539 1921 1562 nomen
1955 1540 2016 1570 per
2047 1534 2117 1560 tam
2141 1528 2253 1560 varias

419 1578 514 1610 vices
544 1579 650 1610 solum
685 1579 922 1611 invocabatur.
967 1581 1030 1611 His
1062 1581 1268 1618 iubentibus,
1300 1582 1398 1614 furca
1431 1593 1510 1614 mox
1532 1583 1566 1614 in
1598 1583 1674 1615 foro
1705 1583 1857 1623 erigitur,
1880 1582 1938 1614 ubi
1962 1593 2048 1614 unus
2071 1591 2253 1623 suspensus

418 1637 451 1662 et
476 1638 650 1672 amputato
675 1633 820 1673 plurium
846 1633 987 1665 menbra
1012 1640 1281 1676 transgressores
1305 1641 1441 1667 ceteros
1467 1641 1652 1668 teruerunt.
1699 1635 1803 1667 Mane
1835 1636 1940 1673 facto,
1972 1635 2253 1682 redintegrantur
2276 1632 2316 1665 25

418 1684 452 1714 in
477 1684 623 1724 platlieis
648 1691 786 1716 caterve
810 1691 949 1721 armate,
973 1697 1092 1719 omnes
1116 1692 1151 1718 et
1174 1698 1269 1719 more
1298 1687 1534 1720 vociferantes
1557 1694 1691 1720 assueto
1722 1689 1884 1731 pofiulum
1909 1689 2035 1724 vivere,
2058 1687 2254 1730 proditores

419 1739 516 1769 mori.
554 1738 623 1775 Set,
651 1749 726 1770 cum
751 1739 784 1769 in
811 1740 921 1779 primo
946 1741 1063 1781 populi
1090 1741 1209 1771 furore
1234 1741 1356 1773 Petrus
1380 1741 1424 1773 de
1449 1741 1629 1773 Alticlinio
1653 1752 1727 1773 cum
1752 1742 1829 1773 filiis
1845 1752 1907 1783 per
1931 1741 2110 1782 contiguas
2134 1740 2255 1772 domos

420 1792 636 1823 clandestine
661 1793 695 1822 in
724 1792 821 1823 edem
848 1794 1095 1835 commigrasset
1119 1794 1365 1835 episcopalem,
1390 1806 1475 1836 quos
1501 1795 1652 1827 consocii
1676 1795 1889 1827 dominorum
1922 1794 2113 1837 Oppiconis
2137 1799 2170 1825 et
2194 1793 2255 1825 Ni-

420 1845 506 1876 colai
532 1846 574 1875 de
599 1845 759 1877 Carraria
785 1846 946 1883 inclusos,
972 1847 1190 1879 circumfusis
1215 1848 1390 1885 custodiis,
1413 1848 1567 1880 soliciter
1590 1847 1866 1885 observaverant,
1897 1859 2045 1890 cumque
2069 1857 2126 1879 eos
2149 1857 2254 1878 vene-

420 1898 540 1928 rabilis
565 1899 749 1939 episcopus
772 1899 932 1939 Par-fanus
955 1901 1082 1942 pietate
1108 1907 1274 1937 comotus,
1299 1912 1503 1944 quamquam
1530 1902 1681 1943 indigne.
1706 1907 1888 1943 protegere
1912 1902 2090 1941 niteretur,
2113 1900 2195 1932 illuc
2219 1900 2256 1932 fit
2278 1899 2321 1930 30

420 1962 441 1981 a
465 1952 594 1992 populo
618 1962 803 1983 concursus
829 1953 939 1984 eidem
964 1954 1129 1995 episcopo
1154 1954 1325 1993 minitant,
1349 1960 1386 1986 ut
1410 1961 1467 1986 aut
1491 1955 1667 1996 predictos
1690 1956 1812 1995 tradat,
1832 1960 1890 1986 aut
1913 1954 1984 1986 tolli
2008 1953 2107 1985 sinat.
2154 1952 2256 1985 Resi-

421 2011 534 2035 stente
559 2016 641 2036 vero
658 2006 703 2036 ad
721 2017 821 2047 posse
840 2006 993 2048 Pagano.
1020 2007 1179 2039 dominus
1202 2007 1336 2048 Oppico
1354 2009 1396 2039 de.
1421 2007 1588 2046 Carraria,
1613 2008 1764 2049 episcopi
1789 2007 2020 2039 resistenciam
2045 2007 2255 2049 indignatus,

421 2068 500 2089 mox
526 2069 601 2089 cum
627 2059 799 2101 aliquibus
823 2060 982 2091 talamum
1006 2061 1211 2102 ingreditur,
1235 2061 1292 2092 ubi
1317 2061 1438 2092 Petrus
1463 2072 1538 2093 cum
1565 2061 1641 2093 filiis
1672 2061 1813 2093 latebat:
1838 2061 1962 2101 quibus
1983 2061 2056 2101 ipse
2080 2059 2255 2101 promictit

421 2121 457 2141 se
483 2121 541 2143 eos
564 2112 599 2142 in
624 2118 731 2143 tutum
758 2114 919 2150 educere,
943 2114 969 2145 si
995 2113 1063 2145 suis
1086 2114 1197 2145 velint
1220 2113 1268 2145 uti
1295 2114 1439 2145 consilio
1475 2121 1509 2146 et
1538 2115 1616 2146 fide.
1663 2113 1819 2146 Predicti
1848 2124 1934 2145 vero
1966 2113 2123 2144 videntes
2152 2112 2255 2144 aliam

422 2165 550 2195 nullam
575 2165 662 2196 viam
688 2177 747 2196 sue
773 2167 847 2197 fore
866 2166 978 2204 saluti,
1003 2166 1212 2198 conductum
1232 2167 1498 2207 comitivamque
1515 2167 1641 2199 domini
1660 2167 1851 2209 Oppiconis
1874 2166 2093 2198 admiserunt.
2138 2165 2256 2197 Domi·
2280 2163 2320 2197 35

423 2228 486 2248 nus
511 2228 594 2260 ergo
612 2218 747 2260 Oppico
766 2219 873 2259 prima
898 2220 1010 2251 noctis
1033 2219 1154 2261 vigilia
1177 2230 1236 2251 sex
1259 2221 1368 2261 ipsum
1395 2220 1483 2252 forte
1509 2220 1782 2252 commitantibus
1799 2219 1925 2251 dictum
1950 2219 2088 2251 Petrum
2113 2224 2147 2250 et
2169 2218 2257 2250 filios

424 2270 468 2301 de
494 2270 642 2311 ipsorum
669 2271 903 2303 voluntatibus
927 2272 1057 2310 eduxit,
1082 2272 1232 2314 dumque
1256 2283 1330 2304 curn
1357 2273 1524 2314 predictis
1547 2273 1590 2303 ad
1614 2279 1748 2314 portam
1766 2272 2034 2303 Turrisellarum
2059 2271 2257 2307 accederet,

422 2324 546 2355 infesta
571 2324 641 2354 fors
665 2325 813 2356 clausam
840 2325 979 2358 obiecit.
1025 2326 1064 2357 In
1089 2327 1156 2358 hoc
1181 2332 1292 2358 autem
1318 2325 1501 2368 dispendio
1519 2336 1601 2357 ecce
1627 2337 1645 2357 a
1669 2336 1750 2358 casu
1770 2325 1957 2357 adveniens
1973 2325 2130 2356 dominus
2152 2324 2258 2356 Nico-

422 2377 496 2408 laus
520 2377 562 2407 de
589 2376 756 2414 Carraria,
780 2378 893 2409 multis
916 2378 1060 2418 stipatus
1093 2379 1280 2420 armigeris,
1311 2379 1437 2420 quique
1469 2378 1503 2410 hi
1529 2379 1644 2410 forent
1666 2378 1742 2415 viri,
1771 2378 1980 2413 esclamavit,
2012 2377 2256 2418 dominumque

423 2430 641 2472 Oppiconem
666 2430 889 2462 vehementer
906 2431 1114 2472 increpitans
1138 2431 1174 2462 in
1190 2431 1329 2463 Petrum
1349 2437 1384 2463 et
1400 2431 1486 2463 filios
1502 2442 1624 2462 manus
1647 2431 1777 2469 iniecit,
1802 2431 1876 2471 ipso
1901 2430 2040 2462 domino
2065 2430 2258 2472 Oppicone,
2281 2429 2321 2460 40

424 2494 630 2524 quamquam
655 2483 809 2522 multum,
834 2491 943 2515 tamen
968 2485 1106 2521 frustra,
1129 2484 1331 2516 reluctante.
1378 2483 1516 2515 Petrum
1541 2489 1575 2516 et
1599 2484 1686 2515 filios
1701 2483 1812 2515 statim
1831 2483 1909 2514 iussi
1926 2493 2072 2525 rapuere
2091 2483 2254 2520 clientes3

423 2538 485 2567 hos
508 2535 664 2567 manibus
689 2536 842 2576 alligatos
866 2537 902 2568 in
926 2537 1060 2577 private
1085 2537 1261 2568 cuiusdam
1286 2537 1406 2569 domus
1421 2537 1582 2568 talamum
1602 2542 1784 2568 tenuerunt
1800 2547 1907 2578 usque
1930 2536 2019 2567 diem
2039 2537 2188 2578 dataque
2205 2535 2257 2566 eis

426 2591 591 2620 facultate
617 2590 779 2630 possendi
803 2600 879 2621 cum
904 2590 1140 2622 sacerdotibus
1163 2590 1226 2621 sibi
1250 2590 1293 2621 de
1318 2589 1496 2621 animabus
1527 2591 1718 2621 consulere.
1765 2589 1982 2620 Lucescente
2007 2589 2062 2620 die
2085 2588 2121 2619 in
2144 2588 2256 2619 forum

425 2643 651 2681 advehuntur,
674 2642 797 2684 quibus
823 2654 885 2674 nec
910 2644 1040 2684 profuit
1062 2643 1209 2675 voluisse
1235 2643 1374 2675 domino
1391 2642 1537 2674 Nicolao
1555 2643 1597 2674 de
1622 2642 1781 2674 Carraria
1805 2647 1853 2673 xm
1879 2643 2017 2674 tradere
2043 2642 2258 2679 ducatorum,

516 2786 539 2809 7.
559 2779 698 2802 exhibunt
718 2778 740 2802 S
758 2791 790 2796 —-
813 2785 853 2803 11.
874 2779 1025 2803 dolendum
1053 2780 1089 2803 M
1110 2792 1119 2796 -
1146 2778 1343 2802 conclamabat
1362 2777 1384 2801 S
1400 2791 1432 2795 —
1455 2785 1494 2808 13.
1520 2779 1546 2801 et
1566 2778 1641 2801 ultra
1661 2786 1709 2801 om.
1731 2778 1752 2800 S
1769 2786 1781 2800 e
1801 2781 1860 2801 sext.
1881 2777 2041 2806 excedebat,
2061 2777 2107 2800 sed
2128 2777 2157 2800 in
2177 2777 2259 2800 tanto

427 2822 556 2845 civitatis
578 2835 607 2837 —
632 2827 669 2851 14.
689 2820 832 2844 obstinata
854 2822 889 2843 M
903 2835 935 2839 —
959 2821 997 2844 16.
1018 2821 1156 2844 contectis
1176 2822 1212 2844 M
1227 2834 1258 2837 —
1276 2826 1314 2850 17.
1329 2820 1510 2843 dominorum
1531 2828 1579 2844 om.
1593 2819 1616 2844 S
1628 2833 1659 2836 —
1675 2819 1714 2843 28.
1729 2819 1825 2842 eodem
1840 2819 1918 2842 M—
1933 2826 1974 2850 32.
1989 2818 2178 2851 episcopalem
2193 2819 2257 2843 S—

426 2871 467 2895 34.
489 2863 634 2887 voluerint
652 2864 693 2886 uti
715 2863 838 2885 consilio
857 2865 883 2886 et
903 2865 1031 2895 tempore
1050 2865 1077 2886 et
1097 2863 1148 2886 fide
1166 2862 1188 2885 S
1205 2876 1236 2879 —
1257 2869 1298 2893 41.
1318 2869 1398 2893 quem
1417 2862 1529 2885 Petrum
1549 2861 1573 2886 S

520 2950 525 2965 ¹
549 2957 559 2963 ··
577 2950 702 2981 Cumque
723 2958 786 2973 curn
809 2951 1024 2982 suffragandum
1041 2952 1163 2975 militum
1186 2964 1215 2968 »-
1236 2951 1321 2973 armis
1374 2950 1407 2977 X,
1426 2949 1475 2973 611
1498 2951 1586 2981 sgg.):
1615 2948 1730 2973 “Diuus
1756 2951 1879 2980 potestas
1904 2957 1964 2973 cum
1991 2951 2205 2982 suffragantIum
2225 2964 2258 2968 —

387 2999 398 3022 5
431 2994 443 3005 “
455 2995 593 3026 depositis
606 2994 746 3024 acquievit
760 3011 770 3021 „
785 2993 972 3023 :Musst
985 2994 1129 3025 Degeslz's,
1140 2992 1186 3022 IV,
1201 3000 1209 3016 1
1223 2993 1319 3023 (Mum,
1378 2992 1389 3004 ‘⁴
1403 2992 1505 3024 vulgus
1517 3008 1523 3014 .
1536 3010 1540 3014 .
1553 3009 1575 3015 ..
1597 2991 1741 3023 paululum
1762 2993 1914 3015 recreatum
1934 2992 2044 3023 quievit
2055 3008 2079 3023 „-
