2422 3684
520 241 688 276 GESTA
719 240 1018 276 MAGNIFICA
1048 240 1232 276 DOMUS
1262 238 1651 276 CARRARIENSIS
1956 246 2000 277 Γ)

168 374 321 414 predam.
369 373 474 405 Cuius
498 373 671 404 societatis
696 372 881 412 au[c]tores
905 372 1080 415 magnifici
1106 372 1237 404 domini
1262 372 1439 404 Luchinus
1457 372 1666 403 Vicecomes
1691 379 1723 403 et
1749 373 1936 404 Uber-tinus
1955 376 1996 405 de

165 426 328 458 Carraria
352 437 388 457 se
413 425 588 458 curialiter
612 425 832 463 excusabant,
857 433 1049 458 asserentes
1072 426 1273 458 societatem
1298 425 1405 466 ipsam
1429 436 1449 456 a
1473 425 1660 456 rebellibus
1686 426 1807 457 Parme
1826 433 1859 457 et
1884 428 1997 459 Bono-

166 479 222 510 nie
246 479 428 511 incoatam.
475 477 535 509 Set
558 479 698 509 tandem
725 478 1005 517 Bononiensium,
1030 479 1281 510 Veronensium
1308 485 1340 509 et
1358 477 1625 509 Ferrariensium
1653 479 1801 520 pecunia
1827 486 1992 521 corrupta

168 538 201 563 et
225 532 293 563 iam
317 533 410 563 facta
434 530 591 562 omnibus
615 531 747 568 odiosa,
770 530 863 562 dieta
887 533 1031 564 societas
1062 531 1262 563 dissolvitur
1292 538 1325 563 et
1349 542 1411 572 per
1433 531 1525 562 viam
1557 531 1695 563 Verone
1726 532 1759 563 in
1786 531 2001 564 Alemaniam

129 584 145 614 5
170 585 409 626 proficiscitur.

257 699 307 733 79.
332 700 433 740 [183].
459 717 499 722 —
525 699 654 740 [A]nno
678 699 806 730 domini
830 699 1091 738 MCCCXLHI,
1108 700 1164 732 die
1182 701 1290 732 tercio
1307 701 1464 737 ianuarii,
1481 701 1683 743 magnificus
1707 700 1868 732 dominus
1891 701 2004 733 Uber-

165 753 256 784 tinus
279 753 370 784 misit
394 752 567 784 Veuecias
591 751 741 784 nobilem
766 759 799 784 et
822 753 999 784 solennem
1023 754 1242 795 legacionem
1259 755 1281 792 ¹,
1306 754 1550 795 congratulans
1574 753 1714 785 domino
1739 754 1882 785 Andree
1912 755 2004 785 Dan-

166 806 258 845 dulo,
284 806 377 848 quod
400 812 594 847 assumptus
616 806 708 836 foret
725 806 768 836 ad
786 804 948 836 ducatum
968 807 1121 838 comunis
1139 806 1381 843 Veneciarum‚
1407 806 1462 838 cui
1488 807 1645 838 dominus
1663 807 1732 837 dux
1750 807 1865 838 retulit
1889 813 2005 849 grates

167 858 338 890 uberimas
363 859 406 889 de
431 865 499 889 tam
525 858 632 890 nobili
650 864 685 889 et
701 858 845 889 solemni
864 859 1059 900 legacione,
1077 860 1230 891 offerens
1247 860 1360 890 eidem
1378 860 1518 891 domiuo
1536 859 1706 891 Ubertino
1725 870 1872 891 comune
1891 861 2006 892 Vene-

108 911 146 942 10
171 912 300 942 ciarum
325 917 360 942 et
383 922 419 942 se
443 911 506 943 sibi
531 919 735 953 perpetuum
760 912 920 942 amicum.

257 1027 307 1058 80.
331 1027 432 1068 [[84].
457 1045 500 1049 -
523 1027 682 1068 [Ejodem
700 1027 892 1064 millesimo,
910 1028 1083 1059 Iohannes
1102 1029 1312 1060 Galmarella
1338 1030 1398 1061 ivit
1422 1029 1598 1060 Veronam
1612 1029 1634 1066 ²,
1659 1031 1718 1071 qui
1742 1030 1823 1061 inde
1848 1030 2001 1061 Paduam

166 1090 323 1111 reversus
346 1080 529 1121 magnifico
554 1080 694 1112 domino
720 1079 891 1111 Ubertino
916 1081 1034 1112 retulit
1059 1082 1233 1113 dominum
1258 1081 1442 1113 Mastinum
1469 1088 1602 1123 optare,
1626 1088 1661 1113 ut
1692 1083 1868 1114 asserebat
1899 1083 2000 1121 velle,

167 1143 282 1164 secum
307 1143 428 1174 pacem
452 1133 582 1164 habere
606 1139 641 1164 et
664 1133 776 1174 ipsum
801 1134 1031 1174 personaliter
1056 1135 1204 1166 visitare.
1252 1136 1303 1166 Ex
1328 1146 1406 1178 quo,
1439 1136 1494 1166 die
1525 1136 1785 1177 quintodecimo
1817 1136 1895 1167 maii
1921 1147 1998 1177 pre-

175 1186 293 1227 scripti
319 1186 504 1223 millesimi,
530 1197 607 1217 cum
632 1186 772 1217 domino
796 1186 965 1218 Ubertino
991 1187 1224 1229 Montagnane
1250 1188 1390 1219 fuerunt
1415 1189 1452 1221 in
1475 1189 1622 1230 prandio
1647 1189 1752 1231 legati
1776 1189 1905 1221 domini
1931 1190 2005 1220 Ma-

106 1238 142 1270 15
166 1240 247 1270 stini
272 1238 387 1270 Guido
411 1239 533 1270 Ricius
554 1246 587 1270 et
613 1238 778 1270 Gibertus
802 1240 928 1270 fratres
953 1240 995 1270 de
1020 1240 1156 1271 Foiano
1181 1247 1214 1272 et
1239 1241 1391 1273 Benetus
1415 1241 1641 1278 Malavicino‚
1673 1242 1747 1273 aliis
1777 1242 1944 1274 militibus
1970 1250 2004 1274 et

167 1292 340 1323 nobilibus
362 1292 495 1323 sociati.
543 1292 625 1330 Qui,
649 1292 824 1323 celebrato
850 1293 1007 1333 prandio,
1032 1293 1223 1334 Colognam
1248 1301 1467 1326 revertuntur
1491 1305 1567 1325 cum
1591 1295 1697 1326 nobili
1729 1295 1913 1338 legacione
1945 1307 2005 1337 pa-

168 1345 290 1382 duana,
315 1345 449 1376 scilicet
473 1345 602 1376 Iacobo
626 1346 671 1377 de
694 1345 866 1381 Carraria,
890 1345 1054 1376 Rolando
1080 1346 1122 1376 de
1151 1347 1290 1383 RubeiS,
1318 1347 1482 1378 Iacobino
1501 1348 1544 1378 de
1568 1347 1703 1390 Peraga
1721 1354 1756 1379 et
1779 1348 1856 1379 aliis
1879 1348 2004 1380 nobili-

168 1398 239 1435 bus,
265 1409 349 1440 quos
373 1399 530 1429 dominus
554 1398 733 1435 Mastinus‚
757 1398 814 1440 qui
840 1399 997 1440 Cologne
1021 1406 1104 1437 erat,
1130 1400 1317 1431 honorilice
1343 1401 1486 1441 recepit,
1520 1407 1554 1431 et
1588 1400 1644 1431 die
1669 1401 1748 1438 alio,
1770 1402 1865 1433 facto
1891 1413 2001 1439 mane,

168 1461 244 1482 cum
271 1452 437 1493 predictis
460 1452 533 1482 sine
558 1452 662 1482 armis
687 1462 805 1483 versus
830 1451 1102 1493 Montagnanam
1126 1453 1302 1495 equitavit.
1349 1453 1411 1485 Cui
1444 1465 1507 1495 per
1539 1454 1607 1485 duo
1632 1454 1789 1485 milliaria
1815 1462 1912 1486 extra
1936 1461 2006 1486 ter-

102 1505 143 1536 20
167 1505 277 1535 minos
310 1505 360 1535 sui
395 1505 572 1536 districtus
604 1506 763 1536 (lominus
791 1505 981 1536 Ubertinus
1013 1506 1149 1536 obviam
1183 1506 1345 1543 occurrit,
1378 1506 1550 1538 nobilibus
1581 1508 1695 1538 multis
1726 1508 1887 1539 sociatus.
1934 1508 2005 1545 Qui

167 1558 264 1589 simul
289 1558 395 1589 iuncti
420 1558 544 1589 mutuis
569 1569 604 1589 se
629 1558 845 1599 amplexibus
868 1559 1058 1599 suscipiunt
1082 1565 1115 1589 et
1140 1569 1214 1589 cum
1240 1559 1366 1600 gaudio
1400 1570 1523 1601 magno
1551 1560 1826 1603 Montagnanam
1850 1562 2005 1597 veniunt.

168 1611 227 1642 ubi
250 1612 285 1641 in
309 1611 482 1642 conviviis
505 1617 539 1642 et
564 1611 701 1641 solaciis
725 1611 857 1642 ilariter
889 1611 996 1642 fuere.
1045 1611 1111 1642 Die
1145 1622 1227 1642 vero
1259 1613 1411 1643 secundo
1442 1613 1646 1654 septembris
1681 1614 1840 1645 dominus
1864 1614 2006 1645 Uberti-

168 1675 230 1695 nus
254 1674 330 1695 cum
355 1664 470 1695 multis
495 1664 667 1695 nobilibus
691 1664 866 1695 Paduanis
888 1662 1081 1705 Colognam
1106 1664 1265 1695 accessit.
1314 1665 1363 1696 Ibi
1385 1666 1427 1696 de
1447 1666 1577 1697 honore
1601 1665 1712 1697 eidem
1730 1673 1764 1698 et
1780 1667 1884 1698 sociis
1908 1667 2003 1699 facto

169 1717 285 1749 cuncti
310 1717 486 1748 dominum
511 1716 697 1748 Mastinum
722 1717 904 1760 magnifice
931 1717 1182 1749 collaudatum.
1230 1717 1325 1754 Quid
1358 1725 1472 1749 tamen
1505 1719 1648 1750 secretis
1672 1730 1788 1750 eorum
1823 1720 2006 1762 colloquiis

104 1769 145 1802 25
168 1770 274 1801 fuerit
297 1776 492 1807 tractatum,
515 1770 705 1812 ignoratur,
729 1776 782 1802 set
815 1770 953 1811 quidam
987 1770 1083 1801 miles
1115 1771 1192 1801 vice
1226 1770 1284 1801 filii
1317 1772 1480 1802 naturalis
1510 1772 1640 1803 domini
1665 1772 1803 1803 Mastini
1835 1773 2005 1804 Gentilem

168 1823 334 1865 pupillam
360 1828 394 1854 et
418 1823 519 1854 filiam
545 1823 675 1854 domini
701 1823 861 1855 Ubertini
885 1824 919 1854 in
944 1824 1016 1854 eius
1041 1825 1238 1855 reversione
1255 1824 1383 1856 ⁴Padue
1407 1825 1632 1866 disponsavit.
1679 1826 1779 1857 Tunc
1805 1837 1865 1867 per
1889 1827 2006 1857 Vene-

169 1883 223 1908 tos
258 1877 427 1913 Paduani,
464 1876 675 1913 Vincentini‚
710 1877 914 1908 Parmenses
944 1878 1164 1918 stipendiarii
1197 1878 1230 1908 in
1262 1878 1422 1909 Tarvisio
1451 1885 1639 1916 cassantur,
1679 1879 1868 1910 amiciciam
1901 1880 2000 1911 istam

168 1936 418 1970 suspectantes.
466 1930 542 1960 Hoc
568 1940 658 1960 anno
684 1930 918 1970 completum³
942 1930 1010 1961 ruit
1034 1930 1204 1971 palacium
1232 1930 1413 1962 claustrale
1438 1931 1610 1973 magnifici
1636 1931 1767 1963 domini
1792 1931 1955 1964 Ubertini
1973 1941 2007 1964 et

170 1983 264 2014 aliud
288 1982 544 2024 principiatum.
592 1983 677 2013 Item
704 1984 791 2014 muri
815 1983 1014 2024 spaldorum
1039 1990 1260 2024 reparantur:
1286 1984 1368 2014 liunt
1394 1994 1531 2026 argeres
1562 1984 1690 2016 Brente
1722 1991 1755 2016 et
1786 1986 1940 2027 Tergole
1973 1993 2007 2017 et

104 2037 145 2067 30
169 2036 346 2077 navigium
370 2036 616 2077 Montegnane,
642 2046 705 2077 per
732 2037 827 2078 quod
855 2037 1036 2077 navigatur
1068 2037 1111 2067 ad
1138 2037 1208 2067 Est.
1257 2037 1371 2068 Strate
1400 2047 1517 2068 omnes
1550 2045 1583 2068 et
1612 2037 1755 2078 publica
1786 2039 1945 2070 villarum
1970 2046 2006 2070 et

169 2089 324 2120 civitatis
347 2089 560 2120 reficiuntur.
594 2089 696 2121 Circa
719 2089 810 2120 enim
836 2090 1097 2130 reparacionem
1123 2090 1271 2121 civitatis
1287 2096 1320 2120 et
1345 2090 1520 2122 districtus
1544 2090 1703 2122 dominus
1718 2091 1908 2122 Ubertinus
1925 2092 2003 2123 soli-

170 2142 239 2173 cite
261 2142 479 2183 procurabat.

257 2257 307 2288 81.
331 2257 431 2298 [185]
465 2277 505 2281 —
538 2256 772 2300 [Mlagnificus
801 2258 961 2290 dominus
994 2258 1167 2290 Marsilius
1199 2259 1242 2289 de
1267 2259 1427 2290 Carraria
1459 2258 1658 2290 Dainesium
1684 2260 1727 2290 de
1759 2260 2005 2292 Flumissello⁴

168 2311 299 2343 socium
326 2310 457 2349 habuit,
483 2322 583 2353 quem
609 2312 745 2343 ditavit.
791 2311 1036 2343 Coniuracioni
1061 2318 1174 2342 tamen
1199 2318 1319 2343 contra
1345 2323 1420 2342 eum
1446 2313 1541 2343 facte
1565 2317 1720 2353 tempore
1752 2314 1895 2344 dominii
1928 2315 2003 2346 illo-

103 2363 142 2396 35
168 2375 242 2395 rum
267 2364 347 2396 dela
371 2364 473 2396 Scala
498 2365 617 2395 annuit
641 2370 675 2396 et
700 2365 830 2396 domini
854 2364 999 2396 Marsilii
1023 2372 1158 2396 secreta
1182 2365 1370 2396 revellavit.
1418 2365 1493 2401 Hic,
1527 2365 1785 2398 Veronensibus
1808 2366 1852 2398 de
1878 2367 1997 2399 Padua

169 2417 320 2459 expulsis
344 2424 378 2448 et
401 2418 542 2449 domino
567 2418 723 2450 Marsilio
748 2419 813 2449 iam
839 2419 1019 2455 defuneto,
1046 2418 1218 2449 Veronam
1239 2418 1357 2455 adivit,
1375 2428 1475 2460 quem
1494 2418 1650 2450 dominus
1668 2419 1837 2452 Mastinus
1866 2420 1900 2451 in
1918 2431 1999 2452 con—

168 2477 335 2512 temptum
361 2471 491 2502 domini
523 2470 684 2503 Ubertini
717 2471 852 2512 recepit
877 2477 913 2503 et
944 2472 975 2502 ei
1006 2472 1202 2503 necessaria
1234 2471 1446 2503 ministravit.
1495 2471 1555 2503 Set
1586 2472 1654 2509 hic,
1688 2473 1827 2514 prodito
1860 2474 1999 2505 domino

167 2524 328 2561 Masffino,
352 2524 620 2556 adulacionibus
643 2524 804 2556 seductus
822 2525 951 2555 domini
970 2524 1141 2559 Ubertini.
1160 2525 1314 2555 Paduam
1331 2525 1435 2556 rediit
1452 2530 1484 2555 et
1503 2524 1593 2556 bona
1609 2536 1670 2556 sua
1686 2525 1822 2569 integre
1841 2528 2003 2569 reacqui-

167 2578 257 2609 sivit.
303 2577 439 2608 Blando
465 2583 579 2608 tamen
596 2588 752 2609 sermone
769 2577 805 2608 in
827 2588 879 2614 eo,
904 2578 997 2620 quod
1022 2584 1169 2618 poterat,
1193 2583 1311 2609 contra
1335 2577 1512 2608 dominum
1537 2577 1740 2609 Ubertinum
1767 2580 1860 2611 cives
1878 2591 2004 2621 provo-

104 2631 144 2661 40
169 2630 282 2662 cabat.
329 2630 404 2662 Hac
429 2641 533 2662 causa
550 2631 623 2672 ipse
640 2637 673 2662 et
697 2631 912 2668 Bonifacius,
936 2631 1008 2661 eius
1032 2641 1225 2673 germanus,
1250 2630 1349 2661 tracti
1373 2630 1418 2661 ad
1443 2629 1587 2661 caudam
1613 2631 1712 2668 asini,
1736 2633 1836 2665 furca
1860 2643 2002 2675 suspen-

258 2794 282 2817 4.
303 2794 387 2810 exosa
406 2785 430 2810 S
450 2800 476 2802 —
500 2791 523 2817 7.
542 2785 793 2816 congratulaturus
807 2787 830 2809 S
843 2799 873 2802 —
895 2785 917 2809 8.
934 2792 981 2816 per
995 2786 1113 2808 eundem
1134 2784 1315 2816 legationem,
1335 2785 1379 2807 cui
1400 2784 1508 2808 domin.
1527 2784 1571 2808 S-
1586 2784 1694 2816 retulit]
1716 2787 1863 2818 respondit
1879 2788 1943 2811 3—
1963 2794 2003 2812 11.

172 2829 262 2852 iverat
281 2829 303 2852 S
321 2841 331 2846 -
350 2829 397 2858 qui
419 2825 496 2860 inde]
517 2827 590 2851 unde
610 2830 632 2851 S
650 2841 681 2845 ——-
704 2834 742 2859 19.
764 2828 907 2858 predictus
927 2827 1060 2851 (lominus
1080 2827 1220 2850 Mastinus
1242 2833 1336 2849 versus
1357 2826 1502 2857 Montagn.
1517 2826 1585 2851 8—
1600 2833 1640 2850 22.
1657 2828 1823 2859 magnificus
1838 2829 1970 2853 dominns
1985 2832 2007 2853 ,5

172 2884 204 2887 -
226 2877 266 2902 23.
287 2868 375 2902 sacto]
393 2870 523 2901 impenso
543 2871 566 2894 S
583 2882 616 2887 —
638 2877 679 2901 24.
701 2869 852 2893 laudarunt
874 2870 895 2893 S
915 2882 943 2886 —-
967 2868 1007 2892 zS.
1029 2869 1170 2900 magnifici
1190 2877 1236 2891 om.
1258 2868 1280 2891 S
1299 2881 1328 2884 —
1349 2875 1392 2899 33.
1412 2868 1485 2891 idem
1506 2869 1672 2901 magnificus
1692 2870 1824 2894 dominus
1844 2870 1867 2895 S

259 2979 269 2996 ¹
288 2981 427 3011 Conrcs„
449 2982 588 3010 Chronica,
609 2981 682 3010 V111,
705 2988 744 3005 10.
1203 2978 1213 2994 ³
1232 2979 1368 3007 Comus„
1390 2981 1529 3009 Chronica,
1550 2980 1624 3009 VIII,
1647 2988 1687 3005 11.

131 3031 143 3057 5
265 3022 275 3038 ²
295 3024 433 3055 Com-ns„
455 3025 594 3053 Chronica,
614 3023 688 3054 VIII,
711 3031 749 3048 11.
1207 3020 1218 3036 ⁴
1240 3022 1375 3053 Comus„
1396 3023 1533 3054 Chronica,
1554 3023 1628 3054 VIII,
1651 3031 1689 3048 η.
