2422 3684
457 205 630 246 GESTA
658 205 961 242 MAGNIFICA
991 205 1176 242 DOMUS
1207 205 1594 242 CARRARIENSIS
1921 206 1967 245 73

453 339 595 371 REDAz.
619 339 651 372 Α

128 411 213 442 fiunt
225 410 380 448 rebellia,
397 410 615 453 ecclesiaque
631 411 849 454 magnificum
866 413 973 444 Fran-

129 465 258 496 ciscum
283 465 326 495 de
349 463 510 496 Carraria
526 464 748 505 imperatorio
763 465 899 503 intuitu,
916 466 971 498 cui

128 518 164 549 in
188 517 347 549 omnibus
371 517 519 554 favetur,
542 516 726 548 vitebatur.
774 518 907 550 Tamen
923 519 973 550 in-

127 577 260 603 stanter
282 571 494 612 procuravit,
518 570 624 612 quod,
648 569 818 611 aliquibus
842 572 971 612 pactio-

129 624 229 656 nibus
251 624 397 663 iniectis,
423 624 499 655 loca
517 623 677 665 predicta
691 624 759 664 ipsi
775 624 971 664 patriarche

127 677 268 709 tandem
293 677 451 709 restituta
473 682 561 708 sunt.

215 785 291 817 201.
307 803 351 808 —
365 785 451 816 Cum
472 785 673 828 magnificus
690 784 847 816 dominus
864 784 970 816 Fran-

128 839 241 870 ciscus
264 839 308 870 de
331 838 502 876 Carraria,
527 839 597 879 lige
620 839 732 870 tocius
756 838 971 880 capitaneus,

126 898 166 924 ut
187 891 457 933 suprascriptum
476 898 538 929 est,
555 903 631 924 cum
649 902 709 923 suo
727 892 880 923 exercitu
895 902 972 923 ver-

127 956 184 977 sus
207 945 398 977 Bononiam
425 946 646 986 equitasset¹‚
672 957 747 977 eum
772 956 918 986 semper,
934 952 971 977 ut

127 999 266 1036 amicus,
290 999 451 1040 perfidus
474 998 680 1040 sequebatur
697 999 816 1036 hostis,
834 999 891 1041 qui
908 999 970 1030 sub

126 1051 249 1083 umbra
278 1052 485 1084 blandorum
516 1051 699 1083 verborum
731 1062 867 1084 veneno
895 1063 970 1083 eum

126 1106 324 1147 extinguere
349 1106 566 1147 procurabat.
614 1105 719 1142 Quod
742 1107 816 1148 ipse
839 1106 969 1148 magni-

126 1160 216 1192 ficus
239 1159 397 1191 dominus
420 1160 626 1192 Franciscus
649 1160 692 1192 de
710 1161 882 1197 Carraria,
898 1160 970 1191 Deo

126 1213 175 1244 sic
199 1213 428 1249 concedente,
452 1213 495 1244 ab
518 1212 585 1245 alio
609 1220 670 1245 suo
694 1213 883 1244 secretario
915 1223 972 1244 co-

127 1267 258 1309 gnovit,
272 1266 399 1308 diuque
418 1266 548 1298 factum
566 1266 702 1300 celavit,
719 1265 869 1308 quinimo
886 1272 972 1298 tem-

127 1330 211 1361 pore
245 1330 305 1351 sue
341 1319 469 1351 milicie
504 1319 717 1360 proditorem
751 1320 859 1361 ipsum
893 1331 969 1351 cum

128 1372 303 1405 nobilibus
337 1372 414 1404 aliis
448 1372 577 1404 milicie
612 1373 744 1404 honore
780 1373 970 1405 decoravit.

129 1426 190 1459 Set
212 1436 370 1458 reversus
393 1426 557 1463 Paduam,
582 1432 615 1457 et
640 1427 791 1462 tandem,
815 1432 971 1467 tempore

127 1484 280 1520 captato,
316 1479 347 1509 111
384 1477 610 1516 MCCCLVI‚
645 1479 700 1510 die
735 1479 843 1511 sabati
879 1489 971 1511 xv111

127 1532 251 1564 mensis
274 1532 358 1569 iulii,
382 1542 459 1563 cum
492 1533 607 1564 multis
638 1533 778 1564 armatis
807 1533 970 1564 insultum

126 1585 214 1618 fecit
236 1585 271 1616 in
298 1585 474 1617 dominum
498 1584 699 1617 Iacobinum
734 1587 777 1617 de
801 1586 970 1621 Carraria,

124 1645 285 1680 patruum
309 1649 418 1676 suum,
450 1639 591 1670 sceleris
623 1639 723 1670 huius
756 1645 921 1678 autorem,
952 1650 972 1669 a

126 1702 206 1734 quo,
241 1692 392 1734 captivo,
424 1692 631 1733 proditionis
663 1692 762 1723 huius
794 1694 969 1724 veritatem

126 1745 302 1788 cognovit,
319 1756 420 1787 quam
436 1746 563 1777 nemini
581 1746 787 1787 propalavit,
803 1745 970 1786 iussitque

125 1799 256 1830 dictum
280 1810 376 1831 suum
401 1805 559 1840 patruum
583 1799 646 1831 sub
671 1800 828 1831 custodia
852 1810 970 1831 carce-

125 1851 203 1883 rari.
235 1852 369 1884 Deinde
387 1852 559 1884 dominam
576 1852 800 1894 Margaritam
819 1853 862 1883 de
877 1852 971 1884 Gon-

126 1915 224 1948 caga,
262 1915 403 1936 uxorem
443 1905 593 1946 predicti
632 1905 762 1936 domini
803 1905 970 1945 Iacobini,

125 1958 269 1989 domino
293 1957 447 1990 Gnidoni
472 1958 514 1989 de
541 1958 707 1999 Goncaga
726 1959 814 1999 patri
835 1969 895 1989 suo
914 1959 973 1990 110-

125 2010 274 2042 norifice
298 2011 430 2042 remisit
463 2022 539 2043 cum
572 2011 700 2043 Iacobo
733 2013 776 2042 de
800 2011 970 2050 Carraria,

125 2063 201 2095 filio
224 2074 284 2095 suo
309 2064 465 2104 parvulo,
490 2075 590 2106 quem
614 2064 689 2105 ipsa
714 2064 853 2095 domina
878 2064 969 2094 Mar—

124 2117 236 2160 garita
260 2125 447 2159 pepererat
470 2129 512 2149 ex
539 2119 615 2160 ipso
645 2119 783 2150 domino
808 2119 970 2150 Iacobino

125 2169 159 2201 in
183 2170 425 2209 MCCCLIIH,
450 2171 532 2203 iunii
557 2171 612 2203 die
637 2171 773 2202 decimo
798 2179 933 2203 octavo.

215 2645 290 2676 202.
313 2663 356 2667 —
379 2645 510 2677 Eodem
544 2659 646 2687 anno,
678 2650 734 2681 die
766 2650 878 2691 primo
910 2651 969 2682 de-

126 2697 285 2736 cembris,
318 2697 517 2742 Cambonus
547 2701 591 2732 de
626 2702 770 2734 Doctis²
804 2713 846 2734 ex
877 2703 968 2735 iussu

217 2857 240 2882 3.
262 2851 368 2874 intuita
386 2851 425 2874 M

218 2960 225 2978 ¹
250 2961 384 2994 Com-us„
407 2963 544 2992 Chronica,
565 2962 610 2993 ΧῙ,
631 2970 653 2995 7.

1040 835 1076 865 10

1040 1099 1075 1131 15

1035 1368 1076 1398 20

1035 1633 1074 1663 25

1035 1900 1075 1930 30

1034 2165 1072 2195 35

1034 2431 1074 2460 40

1221 784 1296 815 201.
1321 801 1360 805 -
1385 783 1517 815 Siando
1549 783 1724 824 capitanio
1757 782 1800 814 de
1825 789 1910 815 tutta
1942 784 1974 816 la

1132 839 1199 881 liga
1217 839 1247 869 el
1266 838 1449 880 magnifico
1472 837 1598 869 mesier
1616 838 1812 869 Francesco
1828 838 1873 870 da
1890 838 1974 870 Car-

1131 904 1218 925 rara.
1244 903 1342 924 como
1367 892 1385 923 ὲ
1411 892 1498 924 ditto
1524 893 1566 923 de
1591 902 1702 928 sovra,
1720 897 1752 923 et
1766 893 1974 924 cavalchan-

1132 947 1175 978 do
1201 946 1257 977 col
1281 957 1317 977 so
1343 945 1500 977 exercito
1524 955 1625 977 verso
1650 946 1659 975 i
1685 946 1815 986 nemisi,
1839 956 1973 987 sempre

1133 1010 1230 1031 como
1262 999 1386 1041 amigo,
1418 999 1449 1030 el
1481 999 1577 1041 segni
1601 1010 1646 1030 un
1678 1010 1716 1030 so
1748 999 1882 1040 perfido
1910 1001 1973 1031 ini-

1131 1053 1234 1095 migo.
1266 1052 1295 1082 el
1330 1052 1408 1093 qual
1442 1058 1539 1083 socto
1563 1052 1684 1083 ombra
1716 1053 1759 1083 de
1791 1062 1829 1083 so
1854 1053 1972 1093 parole

1131 1105 1375 1147 losenghevole
1401 1105 1431 1136 el
1457 1116 1649 1146 procurava
1674 1106 1718 1137 de
1742 1105 1887 1137 ancider
1908 1116 1974 1137 con

1130 1169 1255 1190 venen.
1299 1159 1349 1190 La
1373 1158 1454 1200 qual
1477 1169 1567 1195 cosa,
1593 1158 1663 1190 cosi
1688 1160 1918 1190 concedando
1942 1160 1972 1189 01

1130 1212 1250 1254 signor
1267 1212 1344 1249 Dio,
1361 1212 1391 1242 01
1410 1211 1504 1242 dicto
1522 1212 1705 1254 magnifico
1723 1212 1848 1242 mesier
1864 1212 1973 1243 Fran-

1131 1275 1234 1296 cesco
1265 1275 1371 1306 sappe
1404 1275 1467 1305 per
1498 1275 1566 1295 uno
1599 1264 1686 1295 altro
1716 1276 1753 1295 so
1786 1266 1973 1296 secretario

1132 1324 1165 1350 et
1194 1318 1414 1358 longamente
1447 1324 1549 1349 tenne
1582 1319 1613 1349 el
1646 1318 1739 1350 facto
1772 1318 1906 1357 celado,
1938 1325 1973 1350 et

1131 1372 1285 1404 anchora
1310 1372 1371 1412 piu
1396 1371 1460 1403 che
1486 1372 1517 1403 al
1549 1378 1676 1412 tempo,
1702 1372 1767 1402 che
1800 1372 1969 1413 l’impera-

1132 1426 1198 1456 dor
1221 1424 1335 1456 adobb
1359 1425 1388 1455 01
1416 1425 1601 1465 magnifico
1626 1425 1750 1456 mesier
1774 1426 1972 1456 Francesco

1132 1479 1222 1509 della
1247 1478 1473 1512 chavallaria,
1492 1477 1560 1509 0110
1585 1477 1632 1509 fe'
1657 1479 1844 1510 cavalliero
1869 1479 1972 1516 colui,

1132 1532 1196 1563 che
1222 1532 1243 1562 'l
1267 1532 1367 1563 volea
1393 1532 1509 1567 tradir‚
1536 1542 1601 1562 con
1627 1532 1635 1561 i
1660 1532 1737 1562 altri
1763 1532 1880 1569 nobili,
1907 1533 1972 1564 che

1132 1584 1198 1616 0110
1216 1584 1348 1616 adorno
1367 1585 1411 1615 de
1425 1584 1542 1625 quello
1567 1584 1709 1616 honore.
1755 1585 1815 1616 Ma
1832 1585 1889 1626 poi
1907 1585 1972 1616 che

1132 1638 1150 1668 ’l
1168 1638 1201 1669 fo
1220 1638 1366 1669 toruado
1379 1649 1399 1669 a
1412 1636 1517 1675 Pava,
1531 1643 1565 1669 et
1583 1638 1658 1673 che,
1675 1647 1777 1679 preso
1795 1638 1825 1669 01
1844 1644 1972 1680 tempo.

1132 1691 1196 1722 che
1222 1691 1257 1721 fo
1281 1690 1314 1721 in
1339 1691 1431 1722 mille
1456 1696 1608 1722 tresento
1632 1691 1819 1732 cinquanta
1844 1692 1903 1727 sei,
1927 1702 1972 1722 un

1131 1743 1271 1781 sabado‚
1296 1754 1314 1774 a
1339 1743 1373 1775 di
1398 1753 1491 1774 xvnt
1518 1744 1560 1774 de
1584 1744 1668 1781 luio,
1693 1744 1758 1775 che
1783 1754 1849 1775 con
1875 1745 1972 1776 molti

1130 1797 1261 1828 armadi
1277 1796 1426 1827 l'assaito
1439 1796 1554 1828 misier
1570 1796 1737 1834 Izoeomin,
1755 1808 1791 1829 so
1806 1796 1923 1834 barba,
1939 1802 1973 1828 et

1131 1849 1157 1881 si
1183 1850 1215 1880 el
1245 1843 1357 1890 prese,
1390 1849 1421 1879 el
1453 1849 1532 1890 qual
1565 1860 1622 1880 era
1655 1849 1778 1880 l'autor
1802 1850 1845 1881 de
1877 1856 1972 1882 tanto

1128 1903 1225 1942 male,
1252 1902 1281 1933 01
1306 1903 1401 1933 dieto
1422 1902 1605 1943 magnifico
1631 1903 1750 1934 misier
1774 1904 1971 1936 Francesco

1130 1956 1223 1986 voise
1247 1966 1347 1986 saver
1372 1955 1426 1985 dal
1445 1955 1537 1986 dicto
1554 1965 1591 1986 so
1608 1955 1716 1986 barba
1739 1956 1772 1986 la
1789 1955 1896 1987 verita
1914 1956 1972 1987 del

1130 2010 1240 2040 facto:
1260 2007 1316 2039 dal
1335 2008 1413 2049 qual
1433 2007 1500 2039 ello
1516 2009 1601 2039 have
1620 2009 1701 2051 ogni
1720 2019 1811 2040 cosa.
1839 2008 1884 2041 Et
1900 2009 1972 2040 cosi

1129 2063 1160 2092 01
1186 2061 1279 2093 dieto
1296 2061 1419 2092 mesier
1436 2062 1636 2093 Francesco
1661 2061 1732 2093 tas&
1750 2072 1854 2104 senca
1872 2062 1972 2093 dirne

1129 2115 1173 2146 ad
1203 2115 1303 2154 aigun
1338 2114 1463 2157 alguna
1487 2114 1619 2155 parole,
1652 2126 1706 2146 ma
1739 2115 1768 2146 01
1803 2115 1972 2146 comanda

1130 2168 1195 2199 che
1219 2178 1256 2199 so
1280 2166 1388 2198 barba
1412 2168 1503 2198 fosse
1536 2174 1635 2208 posto
1666 2169 1699 2198 in
1733 2169 1848 2209 prison
1874 2174 1971 2200 socto

1130 2221 1220 2252 bona
1244 2220 1388 2262 guarda,
1412 2226 1446 2252 et
1469 2220 1525 2261 po’
1550 2221 1676 2252 mandi>
1701 2222 1849 2252 madona
1878 2221 1972 2252 Mar-

1128 2274 1239 2315 garita
1264 2274 1308 2304 da
1332 2274 1510 2315 Goncaga‚
1535 2274 1642 2304 moier
1660 2274 1715 2305 del
1733 2274 1829 2305 dicto
1847 2274 1972 2305 mesier

1127 2326 1291 2362 Iacomiu,
1315 2336 1382 2357 con
1406 2326 1544 2358 Iacomo
1570 2327 1614 2357 da
1638 2325 1796 2363 Carnam,
1828 2337 1865 2358 so
1891 2327 1971 2358 11010

1130 2379 1261 2420 picinin
1277 2385 1309 2410 et
1323 2379 1365 2409 de
1379 2379 1504 2409 mesier
1517 2379 1667 2411 Iacomin
1683 2380 1853 2421 predicto,
1866 2380 1970 2413 molto

1128 2431 1437 2463 honorevolmente
1456 2443 1475 2462 a
1488 2442 1525 2463 so
1543 2443 1637 2472 pare,
1654 2433 1777 2464 mesier
1794 2432 1908 2464 Guido
1925 2435 1970 2465 da

1131 2486 1308 2527 Goncaga,
1326 2485 1360 2514 in
1377 2484 1472 2515 mille
1488 2491 1641 2517 tresento
1658 2486 1844 2527 cinquanta
1861 2492 1970 2528 septe,

1130 2548 1148 2568 a
1173 2538 1208 2568 di
1232 2546 1322 2568 xvm
1349 2537 1405 2568 del
1429 2547 1530 2568 mese.

1218 2644 1291 2673 202.
1318 2661 1354 2663 —
1385 2642 1437 2674 En
1463 2643 1542 2685 quel
1567 2655 1670 2682 anno,
1695 2655 1714 2675 a
1739 2645 1773 2675 di
1797 2644 1908 2685 primo
1925 2645 1969 2676 de

1130 2695 1327 2734 decembre,
1352 2697 1383 2726 01
1408 2697 1593 2738 magnifico
1625 2698 1749 2729 mesier
1772 2698 1969 2730 Francesco

1219 2857 1260 2881 41.
1282 2852 1360 2883 septe
1378 2858 1427 2875 om.
1446 2851 1473 2875 P

1161 2962 1170 2977 ²
1196 2964 1338 2994 Comus„
1360 2965 1496 2993 Chronica,
1517 2965 1563 2994 XI,
1583 2971 1607 2997 7.
