2422 3684
118 757 149 784 10

117 979 147 1006 15

114 1202 149 1230 20

110 1425 144 1452 25

111 1701 147 1728 :30

111 1923 145 1951 35

112 2145 146 2172 40

113 2368 146 2394 45

113 2648 149 2674 50

118 2869 153 2896 55

525 223 694 260 GESTA
723 223 1027 259 MAGNIFICA
1056 223 1242 259 DOMUS
1270 223 1664 259 CARRARIENSIS
1962 227 2007 262 55

181 367 241 383 rum
261 359 295 382 de
315 359 457 387 Carraria,
477 359 612 382 'Pisonem
632 358 785 381 Novellum
805 359 948 389 quondam
968 358 1086 382 Tisonis
1099 359 1126 382 et
1141 357 1327 382 Guilielmum
1343 358 1485 389 quondam
1500 358 1606 385 Iacobi,
1621 359 1717 382 ambos
1738 361 1770 383 dc
1789 360 1874 383 domo
1895 360 2009 384 illorum

182 404 215 427 de
234 404 342 434 Campo
356 402 451 426 Sancti
471 402 557 430 Petri,
578 402 713 425 Beludum
733 404 760 426 et
782 402 1002 433 Cambonectum
1023 403 1164 434 quondam
1180 403 1340 426 Alexandri
1355 403 1388 426 de
1403 402 1717 433 Beludis‚A1brig0mm
1739 405 1880 435 quondam
1902 405 2008 428 Mathei

181 448 213 471 de
233 447 376 471 Curtosiis
395 448 423 471 et
441 447 589 479 Filippum
611 447 753 477 quondam
774 447 911 471 Demitrii
932 448 965 471 dc
985 447 1150 471 comitibus
1168 449 1196 471 et
1217 447 1287 471 alins
1308 447 1487 478 quamplures
1508 447 1666 477 singulares
1687 456 1820 479 personas
1841 450 1873 472 (lc
1893 451 2011 472 civitate

182 491 277 515 Padue
296 491 476 519 nominatim,
497 498 607 514 necnon
629 492 656 514 et
675 498 794 514 comune
814 492 905 523 ipsius
926 492 1056 516 civitatis
1076 493 1103 515 et
1124 499 1259 523 personas
1280 499 1376 515 omnes
1397 493 1471 515 dicte
1492 493 1676 515 comunitatis
1690 494 1862 523 generaliter
1882 501 1932 524 pro
1952 495 2012 523 qui-

181 537 298 560 busdam
317 537 477 560 excessibus
497 538 524 559 et
544 535 667 565 delictis,
687 537 716 558 ut
737 535 892 563 dicebatur,
913 537 946 559 ab
967 537 1038 567 ipsis
1057 538 1227 567 perpetratis
1250 537 1282 559 de
1305 537 1424 559 crimine
1451 537 1506 559 lese
1527 537 1683 560 maiestatis
1710 538 1925 560 sentencialiter
1948 545 2012 561 con-

182 581 328 605 demnavit
347 581 525 612 quamplures
545 587 631 612 penas
650 580 835 612 gravissimas
856 581 883 603 in
907 581 982 610 ipsos
1003 580 1222 612 promulgando,
1242 582 1327 612 prout
1348 582 1376 604 in
1405 582 1464 611 ipsa
1485 581 1726 604 condemnacione
1747 583 1773 604 et
1793 583 1939 605 sentencia
1960 582 2013 612 ple-

182 626 246 649 nius
265 627 438 653 continetur,
458 625 536 649 cuius
555 625 685 648 criminis
701 624 809 647 macula
825 625 974 648 secundum
996 625 1220 656 disposicionem
1241 625 1358 655 legalem
1374 632 1467 648 eorum
1483 625 1534 648 filii
1551 633 1580 648 ac
1594 625 1651 648 filie
1666 627 1731 648 sunt
1746 626 1844 649 insecti
1862 627 2013 657 multisque

178 672 260 702 genis
279 671 472 694 atrocioribus
492 670 623 696 irritatis,
645 669 724 693 cuius
744 669 859 692 Nicolai
879 669 952 692 filius
979 669 1096 693 Iacobus
1123 669 1157 693 ad
1183 671 1323 693 unitatem
1344 671 1371 693 et
1396 670 1600 693 subiectionem
1628 671 1716 693 nostri
1740 671 1874 694 culminis
1900 679 1930 694 at·
1958 670 2011 694 Ro-

179 717 254 739 mani
278 716 390 747 imperii
409 715 557 738 humiliter
577 716 618 738 est
638 721 790 738 conversus
811 714 913 736 multas
934 714 1084 738 fidelitates
1105 722 1135 738 ac
1155 715 1291 745 obsequia
1311 715 1456 743 exhibens,
1470 716 1586 746 propter
1605 722 1657 745 que
1671 722 1704 737 ex
1718 715 1921 738 humanissima
1936 716 2013 745 equi-

181 762 238 783 tate
259 761 361 783 meruit
381 759 578 783 absolucionis
597 758 761 782 beneficium
776 758 903 781 obtinere
919 766 948 781 ac
964 759 1055 781 nostri
1070 758 1241 790 imperiique
1254 759 1377 790 predicti
1392 759 1527 790 consequi
1542 760 1663 790 gratiam
1685 760 1711 782 et
1733 759 1866 782 favorem.
1905 760 2014 783 Idcirco

178 804 318 836 prefatum
337 803 468 827 Iacobum
489 804 516 826 et
536 804 626 834 ipsius
647 802 721 825 filios
741 804 768 826 et
787 803 869 829 filias,
890 805 972 826 natos
991 805 1016 826 et
1039 805 1126 831 natas,
1149 805 1307 826 nascituros
1328 805 1354 826 et
1378 804 1544 831 nascituras,
1563 810 1596 826 ex
1618 805 1714 826 nostre
1737 804 1916 834 plenitudine
1936 806 2013 834 pote-

179 849 261 872 statis
281 848 414 878 oinnique
434 849 503 875 iure,
531 848 585 876 via,
611 847 695 870 modo
716 849 743 870 et
763 846 860 876 forma,
883 847 985 877 quibus
1006 847 1106 870 melius
1126 855 1283 878 possumus,
1303 849 1380 871 motu
1402 848 1518 878 proprio
1539 847 1714 871 absolvimus
1735 855 1886 878 eorumque.
1912 848 2013 880 imper-

178 894 291 925 petuum
311 899 486 916 successores
506 892 538 916 ab
560 892 691 915 omnibus
711 892 804 919 viciis,
825 892 953 920 maculis,
973 892 1098 915 vinculis
1119 893 1190 915 iuris
1213 893 1252 915 vel
1277 892 1343 916 facti
1366 891 1488 915 realibus
1509 893 1535 915 et
1561 892 1759 923 personalibus
1780 900 1825 916 seu
1841 893 1948 920 mixtis,
1962 901 2014 923 que

176 938 327 961 occasione
347 938 390 961 vel
411 945 492 961 causa
513 937 587 960 dicte
609 936 865 960 condemnacionis
884 936 1049 966 aliqualiter
1069 937 1272 963 incurrissent;
1287 937 1377 968 ipsam
1391 938 1565 960 sentenciam
1580 938 1605 960 et
1627 937 1897 960 condemnacionem
1920 938 1947 960 in
1963 937 2014 960 hac

179 983 258 1013 parte
278 982 412 1012 omnique
431 983 457 1005 et
477 982 591 1013 singula
611 981 640 1004 in
661 989 691 1004 ea
712 982 846 1004 contenta
867 988 1017 1008 cassamus,
1039 982 1192 1010 irritamus,
1215 989 1380 1005 revocamus
1401 989 1430 1005 ac
1456 981 1586 1005 totaliter
1611 981 1802 1010 annullamus,
1827 983 1957 1012 ipsosque
1978 990 2015 1005 re-

177 1027 324 1050 stituimus
343 1027 377 1050 ad
397 1028 494 1050 omnia
514 1027 589 1050 bona
609 1027 637 1050 in
660 1026 802 1063 integrum
824 1026 998 1055 sanctiones,
1018 1025 1183 1057 dignitates,
1203 1027 1339 1049 miliciam
1361 1026 1490 1055 honores,
1511 1027 1537 1049 et
1562 1026 1663 1049 famam
1686 1027 1801 1056 iuraque
1827 1027 1932 1056 omnia,
1962 1034 2014 1057 que

177 1071 245 1095 aliis
263 1072 376 1095 civibus
395 1070 534 1094 Romanis
554 1078 600 1094 seu
619 1070 750 1094 Romana
770 1070 976 1093 consuetudine
996 1072 1154 1102 conpetunt
1174 1071 1219 1094 vel
1240 1071 1273 1094 de
1293 1071 1362 1097 iure.
1383 1078 1429 1094 eos
1450 1071 1479 1094 in
1501 1072 1605 1094 statum
1621 1071 1772 1102 pristinum
1795 1072 1969 1099 reducentes,
1985 1072 2013 1094 in

178 1123 233 1147 quo
252 1117 333 1139 erant
352 1123 399 1139 seu
420 1123 478 1139 esse
499 1116 632 1147 poterant
651 1117 718 1138 ante
737 1115 909 1138 sentenciam
931 1115 1110 1146 prelibatam,
1130 1117 1225 1146 itaque
1245 1123 1330 1146 usque
1349 1116 1379 1138 in
1400 1115 1570 1139 hodiernum
1590 1114 1664 1138 diem
1685 1116 1780 1138 omnia
1807 1117 1868 1138 iura
1894 1117 1921 1138 et
1941 1116 2015 1138 bona

177 1161 305 1192 predicta
324 1161 461 1191 legitime,
483 1160 538 1184 rite
557 1167 588 1183 ac
614 1160 688 1183 recte
715 1159 821 1182 fuerint
843 1160 965 1182 assecuti
988 1167 1018 1182 ac
1045 1160 1076 1183 (le
1103 1162 1195 1183 cetero
1215 1161 1347 1190 consequi
1371 1160 1493 1187 valeant,
1519 1167 1579 1182 cum
1605 1159 1702 1183 effectu
1728 1158 1824 1181 onmia
1849 1159 1878 1181 et
1903 1158 2016 1187 singula

179 1205 343 1237 supradicta
364 1207 405 1229 eis
425 1205 557 1228 omnibus
577 1207 604 1228 et
624 1204 748 1236 singulis
768 1203 967 1227 confirmantes
987 1207 1013 1228 et
1033 1205 1218 1228 concedente-s
1237 1211 1272 1228 ex
1291 1204 1490 1228 munificencia
1516 1204 1643 1236 speciali,
1670 1205 1710 1228 ita
1736 1203 1810 1233 quod
1837 1203 1870 1226 de
1896 1202 2015 1234 prefatis

177 1251 271 1278 viciis,
293 1249 416 1273 vinculis
437 1257 485 1273 seu
506 1248 624 1272 maculis
644 1250 685 1272 eis
706 1248 749 1272 vel
770 1255 868 1272 eorum
891 1248 977 1271 alicui
999 1249 1027 1271 in
1050 1249 1157 1272 iudici0
1180 1249 1222 1272 vel
1242 1251 1321 1272 extra
1350 1257 1405 1272 non
1433 1250 1524 1280 possit
1547 1256 1595 1281 per
1620 1248 1742 1279 aliquem
1764 1247 1822 1270 dici
1851 1247 1893 1270 vel
1919 1247 2014 1278 excipi

180 1301 226 1318 seu
246 1295 365 1326 opponi,
387 1301 436 1317 nec
460 1295 499 1317 sic
521 1294 652 1316 innodati
674 1293 819 1316 hominum
841 1294 930 1316 eciam
950 1293 1010 1316 sola
1032 1301 1101 1316 voce
1122 1294 1236 1316 valeant
1257 1294 1413 1324 nuncupari
1437 1294 1466 1316 in
1486 1293 1540 1320 his,
1561 1301 1613 1323 que
1633 1293 1666 1315 de
1686 1294 1778 1315 cetero
1799 1299 1847 1322 per
1866 1299 1913 1314 eos
1928 1298 2012 1322 agen-

176 1340 229 1367 tur,
248 1341 391 1370 gerentur,
413 1345 460 1362 seu
479 1339 568 1361 eciam
589 1338 803 1366 contrahentur,
826 1338 869 1360 vel
884 1338 1015 1361 dicentur
1030 1339 1172 1361 narrative
1187 1345 1232 1361 seu
1248 1338 1421 1369 dispositive
1443 1339 1517 1360 inter
1531 1339 1613 1360 vivos
1630 1337 1672 1360 vel
1689 1338 1717 1359 in
1732 1337 1832 1360 ultima
1854 1336 2011 1365 voluntate,

176 1383 219 1408 vel
241 1384 374 1407 hactenus
395 1390 506 1414 quoque
526 1384 652 1414 tempore
672 1389 758 1413 usque
778 1383 806 1405 in
828 1384 984 1413 presentem
1005 1382 1079 1405 diem
1099 1384 1170 1412 acta,
1193 1383 1266 1408 (lata.
1282 1384 1439 1409 contracta,
1456 1382 1529 1405 facta
1546 1382 1653 1405 fuerint
1668 1382 1728 1404 sive
1747 1382 1833 1411 gesta,
1855 1381 1897 1403 set
1918 1381 2014 1403 invio-

176 1427 305 1452 labiliter
324 1428 358 1451 ab
378 1428 510 1452 omnibus
530 1428 741 1455 conserventur,
761 1427 886 1457 predicta
907 1427 1148 1450 condemnacione
1168 1434 1213 1450 seu
1237 1427 1381 1450 sentencia
1404 1434 1459 1449 non
1475 1427 1616 1450 obstante.
1647 1425 2014 1456 Verum,quia11bera11tas

175 1473 347 1504 principalis
367 1473 532 1504 perpetuum
553 1471 636 1495 debet
655 1472 796 1502 suscipere
818 1472 1029 1499 incrementum,
1051 1472 1162 1502 prefato
1183 1472 1285 1494 Iacobo
1306 1472 1333 1494 et
1353 1472 1412 1494 cius
1432 1471 1641 1494 successoribus
1662 1472 1798 1502 perpetuo
1824 1476 1920 1493 omnes
1940 1468 2012 1500 [gra-

177 1515 257 1546 ciasl,
278 1517 498 1545 munificencias,
519 1516 709 1540 liberalitates
729 1523 774 1539 seu
796 1516 957 1546 privilegia,
973 1523 1144 1546 quecumque
1164 1524 1178 1539 a
1197 1516 1333 1538 Romanis
1356 1516 1536 1547 principibus
1556 1516 1599 1538 vel
1620 1515 1687 1538 aliis
1708 1514 1821 1538 indulta
1841 1516 1867 1537 et
1882 1521 2013 1537 concessa

177 1561 266 1585 alicui
286 1562 319 1584 de
340 1561 424 1585 domo
444 1561 571 1593 predicta
592 1561 626 1584 de
645 1559 785 1587 Carraria,
805 1562 832 1584 et
848 1561 969 1584 maxime
989 1561 1141 1592 privilegia
1162 1560 1227 1583 dive
1248 1561 1458 1584 recordacionis
1477 1560 1589 1583 Henrici
1606 1561 1632 1583 et
1647 1559 1798 1586 Frederici,
1819 1557 2012 1581 Romanorum

176 1606 387 1637 imperatorum,
407 1605 633 1638 predecessorum
655 1607 825 1633 nostrorum,
845 1613 964 1636 quorum
985 1608 1066 1629 tenor
1085 1605 1153 1629 talis
1173 1607 1227 1628 est:

269 1703 316 1727 168
326 1705 354 1727 B.
375 1703 456 1735 [215].
477 1717 509 1720 -—
528 1703 559 1727 In
582 1704 696 1727 nomine
717 1705 813 1727 sancte
826 1704 853 1727 ct
867 1703 1018 1726 individue
1032 1703 1194 1726 Trinitatis.
1233 1703 1379 1730 IIenricus,
1400 1703 1500 1725 divina
1517 1702 1630 1725 favente
1644 1701 1804 1727 clemencia.
1819 1702 1943 1731 quartus,
1957 1701 2014 1723 Ro-

176 1750 322 1772 manorum
343 1749 498 1779 imperator
518 1750 663 1779 augustus,
683 1748 815 1772 omnibus
836 1747 944 1771 Christi
974 1749 1135 1778 nostrisqui·
1156 1747 1285 1770 fidelibus
1305 1749 1360 1770 tam
1387 1747 1489 1770 futuris
1516 1753 1596 1777 quam
1625 1747 1803 1777 presentibus
1831 1747 1928 1768 notum
1955 1745 2012 1769 fieri

170 1792 318 1821 'volumuS‚
336 1792 459 1824 qualiter
484 1800 535 1816 nos
559 1793 722 1816 interventu
743 1795 769 1816 et
790 1792 934 1824 peticione
955 1794 1115 1815 nostrorum
1142 1792 1266 1814 lideliuin
1288 1791 1452 1815 Burrbzirdl.
1474 1792 1706 1814 monasteriensis
1725 1791 1863 1821 episcopi,
1884 1790 2016 1818 Octonis,

174 1838 383 1869 bambergensis
404 1839 540 1869 episcopi,
556 1836 703 1861 Gotefredi
721 1837 846 1869 palatini
867 1838 989 1863 comitis,
1004 1839 1030 1860 et
1046 1837 1215 1860 Bcrembarii
1232 1837 1354 1870 comitis
1369 1836 1520 1859 Henricum
1536 1837 1562 1858 et
1576 1843 1692 1858 uxorem
1706 1842 1781 1858 suzim
1798 1834 1927 1861 Alexam,
1942 1834 2013 1857 Mar-

175 1882 282 1911 silium,
301 1882 436 1906 Ubertum
456 1883 483 1906 et
502 1881 671 1913 Ugolonem,
691 1888 850 1912 germanos,
870 1881 1028 1910 Eriqonem,
1045 1880 1192 1907 Litull‘um,
1208 1881 1402 1906 Gumberlum.
1422 1888 1579 1911 germanos,
1594 1888 1654 1903 cum
1670 1880 1807 1902 uxoribus
1827 1881 1854 1902 et
1868 1879 2016 1902 heredibus

175 1927 302 1957 illorum,
322 1934 391 1957 quos
413 1927 455 1950 vel
476 1934 543 1957 quas
563 1926 667 1949 habent
693 1926 737 1949 vel
761 1926 885 1949 habituri
909 1928 984 1954 sunt,
1010 1928 1037 1949 et
1062 1926 1225 1956 specialiter
1251 1927 1381 1954 castrum,
1407 1925 1481 1955 quod
1507 1927 1624 1948 vocatur
1645 1924 1784 1953 Carraria,
1804 1931 1864 1946 cum
1886 1923 2016 1946 omnihus

173 1971 292 1995 allodiis
311 1973 339 1995 et
358 1971 503 1995 beneficiis
523 1971 676 1994 libellariis
697 1972 833 2002 precariis
853 1972 879 1994 et
900 1979 961 1994 cum
982 1971 1112 1994 omnibus
1133 1971 1213 1993 rebus
1235 1970 1386 1992 mobilibus
1406 1971 1433 1993 ct
1454 1969 1650 1992 immobilibus
1670 1970 1758 1991 servis
1778 1969 1806 1991 et
1825 1968 1949 1998 ancillis,
1965 1975 2016 1998 que

176 2023 250 2039 nunc
270 2015 375 2039 habent
396 2015 440 2039 vel
462 2023 513 2046 que
533 2015 660 2039 habituri
681 2017 760 2043 sunt;
782 2017 898 2046 insuper
917 2016 1005 2039 eriam
1026 2016 1228 2038 monasterium
1252 2015 1342 2037 samri
1367 2013 1482 2037 Steffani
1502 2020 1563 2036 cum
1585 2013 1716 2036 omnibus
1740 2013 1828 2040 rebus,
1849 2020 1916 2043 quas
1943 2019 2016 2034 nunc

174 2060 258 2084 habet
278 2060 322 2083 vel
343 2061 372 2083 in
396 2059 499 2083 futuris
519 2061 664 2090 acquirere
684 2061 791 2091 poterit
818 2060 1002 2090 temporibus,
1032 2060 1058 2082 in
1087 2059 1283 2082 mundiburdii
1310 2059 1401 2081 nostri
1429 2058 1581 2081 tuicionem
1609 2058 1785 2088 suscipimus,
1814 2057 1863 2079 bac
1885 2056 2016 2079 videlicet

174 2105 343 2128 condicione
364 2105 393 2128 ut
414 2104 510 2128 nullus
531 2104 664 2131 marchio,
677 2111 769 2127 comes
790 2104 833 2127 vel
851 2104 1016 2131 vicecomes,
1031 2104 1191 2129 scultncius.
1208 2103 1412 2129 vicedominus,
1428 2102 1572 2132 gastaldio
1588 2102 1631 2125 vel
1646 2103 1777 2129 decanus⁷
1798 2101 1841 2124 vel
1855 2102 1942 2124 eciam
1958 2101 2017 2132 ipse

176 2149 325 2180 episcopus
344 2156 392 2172 eos
412 2148 544 2180 deinceps
564 2149 722 2178 molestare,
742 2149 909 2179 inquietare,
930 2148 1082 2171 disvestire
1104 2148 1145 2170 vol
1166 2148 1200 2170 ad
1222 2147 1358 2178 placitum
1380 2147 1490 2170 trahere
1511 2146 1554 2169 vel
1575 2146 1704 2169 homines
1725 2152 1806 2176 super
1826 2146 1900 2168 bona
1919 2152 2016 2168 eorum

173 2193 334 2217 habitantes
354 2194 463 2223 audeat,
487 2193 530 2216 vel
551 2193 675 2224 aliquam
696 2193 836 2224 publicam
858 2194 1035 2217 exactionem
1052 2193 1151 2216 farere.
1178 2192 1211 2214 Et
1226 2193 1255 2215 ut
1271 2192 1433 2214 molendina
1447 2192 1475 2213 in
1491 2190 1662 2219 fluminibus,
1682 2191 1763 2213 terris
1777 2197 1873 2213 eorum
1887 2190 2016 2213 adiacen-

177 2238 262 2266 tibus,
284 2238 405 2261 licenter
424 2237 583 2268 hedificent,
605 2237 723 2261 firmiter
743 2238 923 2269 precipimus.
962 2236 989 2260 Si
1012 2237 1076 2268 quis
1097 2238 1188 2260 autem
1211 2237 1299 2259 nostri
1321 2234 1513 2258 mundiburdii
1536 2237 1697 2266 preceptum
1720 2235 1876 2263 infregerit,
1898 2235 1969 2257 sciat
1988 2241 2016 2258 se

175 2283 399 2314 compositurum
420 2282 497 2305 mille
518 2281 605 2306 libras
626 2283 769 2313 purissimi
792 2283 851 2305 auri
875 2282 1053 2305 medietatem
1074 2288 1180 2304 camere
1202 2282 1304 2307 nostre.
1327 2280 1504 2303 medietatem
1526 2279 1662 2310 predictis
1682 2279 1847 2302 bominibus
1866 2286 2016 2309 eorumque

182 2326 341 2350 heredibus.
378 2326 416 2350 Ut
436 2327 527 2349 autem
547 2326 599 2349 hoc
621 2333 716 2349 verum
737 2333 794 2349 esse
815 2327 945 2349 credatur
964 2328 991 2349 et
1011 2327 1045 2349 ab
1060 2326 1191 2348 omnibus
1207 2324 1419 2347 inviolabiliter
1433 2325 1624 2349 conservetur.
1639 2323 1710 2346 hanc
1732 2324 1837 2346 cartam
1852 2330 1936 2346 manu
1951 2330 2014 2354 pro-

179 2371 242 2402 pria
261 2371 475 2395 corroboratam
497 2371 681 2402 impressione
707 2371 799 2394 nostri
819 2370 911 2402 sigilli
934 2371 1068 2401 insigniri
1092 2370 1232 2393 iussimus.
1269 2369 1372 2392 Datum
1393 2366 1423 2391 ΚΟ
1444 2367 1498 2390 kal.
1521 2367 1666 2397 februarii,
1685 2367 1833 2390 indicione
1853 2366 1920 2394 vn',
1942 2374 2016 2390 anno

176 2415 321 2439 dominice
339 2415 555 2439 incarnacionis
576 2415 728 2439 millesimo
749 2415 903 2438 centesimo
929 2415 1152 2445 quartodecimo,
1177 2414 1312 2445 regnante
1335 2412 1459 2435 l-ienrico
1485 2413 1595 2443 quarto,
1622 2419 1685 2442 rege
1711 2411 1914 2439 Romanorum,
1939 2418 2015 2434 anno

177 2460 299 2492 septimo
321 2461 484 2492 imperante,
506 2459 672 2490 Warmacie,
692 2460 721 2483 in
742 2458 860 2483 Christo
882 2460 1012 2483 feliciter.
1051 2459 1150 2482 Amen.

2008 2528 2016 2540 Χ

267 2561 315 2585 168
335 2561 367 2586 C.
387 2560 473 2593 [216].
492 2575 526 2578 —
547 2561 613 2585 [tem
634 2562 716 2585 tenor
736 2561 884 2594 privilegii
904 2561 1043 2584 Fridcrici
1064 2560 1132 2583 talis
1151 2561 1206 2583 est:

265 2606 296 2630 In
318 2607 434 2630 nomine
454 2608 550 2630 sancte
574 2608 602 2629 et
630 2606 779 2630 individue
805 2605 971 2633 Trinitatis,
998 2605 1168 2633 Fridericus‚
1197 2604 1296 2626 divina
1324 2603 1436 2626 favente
1462 2603 1624 2631 clemencia,
1645 2602 1835 2626 Rornanorum
1863 2603 2018 2634 imperator

182 2653 324 2683 augustus.
365 2649 434 2674 Cum
456 2652 599 2674 universis
619 2651 734 2682 imperii
756 2651 846 2674 nostri
869 2650 1000 2674 fidelibus
1021 2650 1132 2681 signum
1147 2649 1301 2672 clemencie
1316 2647 1476 2678 imperialis
1492 2649 1562 2670 iuris
1576 2648 1610 2671 ad
1626 2647 1743 2671 salutem
1758 2648 1908 2670 debeamus
1923 2649 2018 2671 osten-

177 2695 249 2724 dere,
270 2696 390 2719 maxime
416 2687 509 2719 tamen
536 2695 572 2718 ad
599 2695 772 2719 domesticos
797 2695 871 2723 fidei,
898 2695 927 2718 in
955 2701 1075 2725 quorum
1104 2695 1161 2717 vita
1188 2695 1214 2716 et
1242 2694 1331 2715 morte
1356 2692 1522 2715 fidelitatem
1548 2694 1575 2715 et
1598 2692 1796 2715 constanciam
1824 2692 2014 2723 probavimus,

178 2740 334 2771 patrocinii
354 2741 444 2763 nostri
462 2741 603 2763 dexteram
624 2739 742 2763 extendi
762 2740 861 2762 debere
875 2746 1028 2762 censemus.
1066 2738 1223 2769 Eapropter
1238 2739 1335 2759 notum
1353 2736 1470 2759 facImus
1492 2736 1623 2759 omnibus
1645 2738 1735 2759 nostri
1755 2737 1866 2767 imperii
1889 2736 2018 2760 fidelibus

178 2784 236 2807 tam
259 2784 363 2806 suturis
389 2791 471 2814 quam
492 2783 683 2814 presentibus,
702 2784 776 2814 quod
799 2791 858 2813 nm,
879 2791 940 2806 cum
962 2789 1013 2813 pro
1037 2781 1120 2805 fedeli
1142 2782 1264 2804 servicio
1284 2779 1408 2802 Marsilii
1430 2781 1488 2803 tum
1509 2787 1560 2811 pro
1581 2782 1716 2804 memoria
1731 2780 1821 2811 patris
1841 2781 1968 2810 eius.qui
1990 2781 2019 2803 in

180 2828 304 2851 servicio
327 2828 516 2852 antecessoris
537 2829 629 2851 nostri
652 2828 834 2860 imperatoris
853 2827 968 2850 Henrici
991 2827 1154 2850 constanter
1180 2826 1206 2848 et
1232 2824 1353 2848 fideliter
1373 2824 1455 2854 obiit,
1480 2825 1637 2856 peticiones
1663 2824 1787 2856 predicti
1808 2824 1900 2847 tidelis
1926 2824 2018 2847 nostri

184 2871 308 2895 Marsilii
329 2871 479 2896 elementer
499 2871 673 2899 admisimus,
695 2873 843 2903 ipsumque
858 2871 1019 2894 Marsilium
1041 2872 1067 2893 et
1088 2869 1267 2897 Mathildam,
1286 2870 1345 2891 eius
1366 2870 1527 2900 cognatam,
1547 2876 1606 2892 cum
1625 2870 1747 2899 ipsorum
1769 2868 1926 2895 heredibus,
1946 2876 2015 2898 quos

181 2915 226 2939 vel
245 2914 336 2948 [quas]
358 2923 432 2939 nunc
452 2916 555 2939 habent
576 2916 619 2939 vel
640 2916 765 2940 habituri
787 2917 862 2944 sunt,
882 2917 909 2938 et
924 2915 1087 2946 specialiter
1100 2916 1231 2941 castrum,
1253 2913 1326 2944 quod
1343 2914 1460 2936 vocatur
1475 2912 1615 2943 Carraria,
1631 2920 1690 2936 cum
1707 2913 1839 2936 omnibus
1853 2913 1971 2936 allodiis
1991 2914 2018 2936 et

181 2959 325 2984 beneficiis
344 2959 497 2984 libellariis
516 2961 544 2984 et
563 2961 708 2991 precariis,
728 2967 791 2984 cum
812 2960 944 2984 omnibus
965 2959 1046 2982 rebus
1060 2958 1214 2981 mobilibus
1233 2959 1260 2980 et
1281 2957 1485 2986 immobilibus,
1505 2959 1594 2980 servis
1608 2960 1634 2980 et
1648 2958 1771 2983 ancillis
1785 2964 1838 2987 que
1859 2964 1932 2980 nunc
1948 2958 2020 2980 iuste

182 3004 287 3028 habent
302 3004 346 3028 vel
359 3005 487 3028 habituri
503 3006 568 3029 sunt
583 3005 814 3033 racionabiliter3
836 3005 950 3036 insuper
964 3003 1052 3027 eciam
1067 3003 1268 3026 monasterium
1290 3003 1380 3025 sancti
1395 3001 1510 3025 Steffani
1528 3009 1588 3025 cum
1604 3002 1735 3025 omnibus
1756 3002 1844 3030 rebus,
1863 3009 1929 3034 quas
1945 3009 2017 3025 nunc
