2422 3684
482 228 656 264 GESTA
683 228 989 264 MAGNIFICA
1019 228 1200 264 DOMUS
1228 228 1615 264 CARRARIENSIS
1919 231 1964 265 33

135 304 151 311 .-
153 305 1957 312 -------------------------------------------------------------------------------------------------------------------------------------------------------------------------------------------

128 359 279 391 debebat
302 370 363 401 pro
388 359 577 391 concordio
590 358 611 395 ¹,
636 359 859 400 interponens
882 360 972 392 inter
995 360 1170 392 dominum
1196 358 1326 391 Canem
1351 358 1432 391 dela
1463 358 1566 391 Scala
1598 366 1631 391 et
1655 370 1800 392 comune
1832 360 1962 398 Padue,

129 423 207 444 cum
224 423 291 454 quo
315 413 458 444 domino
484 410 635 443 Nicolao
652 422 715 452 pro
734 412 853 443 maiori
871 413 974 454 ipsius
993 414 1123 444 honore
1141 413 1293 453 profecti
1319 418 1398 444 sunt
1423 412 1605 444 Rolandus
1622 414 1666 444 de
1684 413 1836 456 Placola,
1855 413 1968 454 iudex,

129 465 301 496 Iohannes
325 465 368 497 de
392 465 524 505 Campo
549 464 669 495 Sancti
694 463 788 495 Petri
813 471 846 496 et
870 465 1042 497 Aleardus
1067 466 1110 497 de
1136 465 1281 503 Basiliis,
1307 465 1389 497 licet
1412 465 1661 507 parlamentum
1686 467 1796 507 ipsum
1829 472 1968 498 careret

130 518 275 555 effectu,
298 524 444 560 propter
466 517 537 548 alia
560 517 668 559 magis
691 517 811 554 ardua,
835 528 902 560 que
919 519 1119 561 peragenda
1134 519 1272 550 domino
1291 524 1519 550 occurrerunt
1536 519 1740 560 imperatori
1753 518 1774 551 ².
1822 520 1866 551 Et
1890 531 1967 560 pre-

87 570 105 601 5
130 570 225 602 dicta
253 572 352 603 fuere
377 571 420 602 de
444 581 561 601 mense
586 571 716 601 marcii.
763 571 851 601 Dum
875 578 988 603 autem
1005 572 1078 613 ipse
1097 572 1253 603 dominus
1279 572 1441 604 Nicolaus
1459 582 1478 603 a
1501 572 1734 613 suprascripto
1751 574 1966 613 parlamento

128 625 297 663 rediisset,
319 635 382 666 per
405 624 538 665 aliquos
562 632 641 654 suos
665 623 795 655 amicos
821 624 887 655 sibi
910 630 1045 656 secrete
1076 625 1219 656 relatum
1245 625 1311 656 fuit
1323 624 1345 662 ³,
1378 625 1471 667 quod
1494 625 1675 657 Renaldus
1699 625 1743 656 de
1767 624 1968 668 Scrovignis

129 678 239 718 ipsum
266 677 300 708 in
324 677 460 708 occulto
485 681 708 708 accusaverat
732 677 871 708 domino
898 679 940 709 de
966 678 1069 710 Valse
1094 679 1188 720 quod
1214 688 1290 710 cum
1316 677 1458 710 domino
1481 678 1577 710 Cane
1602 684 1637 710 et
1659 678 1817 710 hostibus
1841 689 1968 710 conve-

126 730 233 761 nisset
258 731 302 762 de
326 730 506 771 prodenda
530 729 681 761 civitate.
726 730 780 761 Ex
804 740 871 772 quo
903 731 1080 772 predictus
1114 732 1272 764 dominus
1303 731 1471 763 Nicolaus
1494 742 1598 773 super
1620 732 1761 773 plathea
1785 732 1968 763 catedralis

128 783 276 815 ecclesie
300 783 412 824 ipsum
436 781 636 814 Renaldum
660 782 834 814 interemit
850 782 872 813 ⁴.
919 782 1023 820 Quod
1050 790 1165 816 tamen
1196 785 1421 816 homicidium
1447 784 1557 825 (tanta
1587 785 1653 816 tuit
1684 785 1758 816 eius
1789 785 1966 826 potencia)

67 837 104 867 10
128 836 267 877 impune
293 835 472 872 commisit,
497 836 565 867 hoc
591 835 701 866 eciam
718 845 787 866 non
805 835 963 867 obstante
988 838 1082 879 quod
1098 838 1170 879 ipse
1187 838 1368 869 Renaldus
1384 838 1508 869 nobilis
1524 843 1615 870 esset
1630 843 1665 869 et
1686 844 1810 879 potens
1834 838 1868 868 in
1887 839 1970 869 civi-

125 894 204 920 tate.
252 888 296 920 Et
319 889 415 920 fuere
441 888 600 929 predicta
624 887 842 925 MCCCXX,
867 889 910 920 de
935 900 1053 921 mense
1077 890 1172 923 maii.

216 995 268 1026 96.
293 993 371 1035 [98].
399 1012 437 1015 —
463 993 581 1035 [A]nte
613 999 726 1025 autem
761 1004 862 1036 quam
895 995 1052 1026 dominus
1084 997 1191 1028 Canis
1222 1002 1371 1028 castrum
1401 997 1592 1029 Baxianelli
1625 997 1804 1029 conflictus
1835 998 1968 1035 fuisset,

127 1048 207 1079 dum
231 1057 366 1088 semper
383 1047 562 1089 cogitaret,
580 1046 729 1089 qualiter
753 1047 929 1079 civitatem
954 1048 1073 1080 Padue
1098 1050 1223 1081 fraude
1240 1050 1295 1082 vel
1310 1050 1343 1081 vi
1368 1056 1556 1092 occuparet
1569 1049 1591 1088 ⁵,
1609 1051 1653 1082 de
1669 1050 1839 1082 Vicencia
1862 1051 1968 1082 semel

128 1100 296 1142 equitavit
320 1099 363 1131 ad
387 1106 536 1132 castrum
561 1100 762 1137 Baxianelli‚
788 1100 846 1131 ubi
863 1111 941 1132 cum
957 1100 1131 1133 Paduanis
1148 1103 1351 1134 extrinsecis
1367 1103 1417 1134 sic
1433 1103 1570 1134 locutus
1586 1110 1648 1135 est.
1690 1103 1704 1119 ‘⁶
1719 1104 1831 1135 Hodie
1857 1110 1972 1145 potes-

66 1153 103 1185 15
133 1154 203 1184 “tis
226 1153 260 1184 in
285 1153 424 1184 civitate
449 1153 590 1194 propria
614 1153 846 1194 triumphare3
872 1154 1007 1195 placeat
1038 1165 1120 1197 ergo
1145 1156 1242 1187 vobis
1273 1156 1366 1187 circa
1398 1156 1573 1187 introitum
1606 1157 1754 1188 civitatis
1786 1158 1969 1189 ostendere

134 1206 256 1237 “vires
279 1212 453 1244 vestras„.
501 1204 570 1243 Qui
601 1207 856 1247 responderunt
879 1217 915 1238 se
946 1206 990 1238 ad
1015 1215 1117 1239 cunta
1144 1215 1293 1249 paratos,
1324 1209 1506 1251 subitoque
1539 1211 1583 1241 ad
1614 1211 1818 1251 capiendam
1850 1211 1970 1243 urbem

127 1259 249 1290 animis
273 1260 412 1291 accensi
436 1269 497 1300 per
520 1264 646 1291 rostam
672 1259 801 1291 factam
826 1261 918 1291 iuxta
942 1260 1143 1292 viridarium
1169 1268 1286 1293 sancte
1310 1262 1437 1294 Iustine
1465 1263 1589 1293 furtive
1614 1263 1789 1294 civitatem
1820 1264 1970 1296 intrave-

126 1319 215 1350 runt,
240 1313 438 1345 custodibus
462 1313 670 1355 quibusdam
693 1313 884 1350 trucidatis,
917 1324 1002 1355 quos
1033 1313 1243 1346 dormientes
1274 1315 1492 1346 invenerunt.
1538 1315 1609 1353 Set,
1642 1317 1722 1347 dum
1756 1323 1876 1348 contra
1908 1317 1969 1348 hos

127 1367 370 1409 stipendiarius
393 1367 534 1409 quIdam
560 1365 756 1398 Parmensis
773 1367 916 1397 fecisset
933 1366 1094 1398 insultum
1119 1368 1349 1410 inhabilisque
1366 1369 1411 1400 ad
1428 1368 1662 1400 resistenciam
1678 1375 1775 1411 terga
1800 1371 1970 1409 vertisset,

64 1422 105 1452 20
130 1420 282 1451 obviavit
306 1420 444 1452 domino
470 1419 615 1451 Nicolao
641 1420 684 1451 de
708 1420 880 1460 Carraria,
904 1420 960 1452 cui
985 1420 1042 1451 ille
1066 1421 1125 1453 ait:
1154 1421 1168 1436 ‘⁴'
1185 1421 1397 1460 Succurrite‚
1414 1421 1562 1459 domine,
1579 1423 1779 1460 succurrite,
1797 1434 1839 1454 ne
1864 1424 1968 1455 hodie

133 1475 299 1504 “corruat
322 1473 485 1511 civitas„.
533 1473 602 1511 Qui
627 1473 785 1504 dominus
814 1472 976 1504 Nicolaus
1001 1483 1078 1504 cum
1097 1475 1276 1515 aliquibus,
1301 1485 1384 1516 quos
1409 1485 1524 1505 secum
1550 1475 1711 1511 habebat,
1742 1475 1910 1507 audacter
1934 1477 1970 1507 in

127 1527 242 1558 hostes
266 1527 352 1558 fecit
376 1526 551 1563 insultum,
576 1536 662 1567 quos
687 1526 812 1557 virtute
844 1536 904 1557 sua
935 1527 1077 1558 tandem
1110 1527 1264 1568 conpulit
1295 1528 1329 1558 in
1354 1528 1482 1570 fugam,
1512 1528 1682 1570 aliquibus
1707 1530 1903 1560 summersis
1936 1530 1969 1561 in

128 1580 232 1611 fovea
255 1585 289 1610 et
312 1579 482 1621 aliquibus
506 1579 714 1610 deformiter
743 1579 937 1617 trucidatis,
968 1580 1025 1621 qui
1049 1580 1130 1611 nudi
1157 1581 1257 1611 tracti
1282 1581 1425 1613 fuerunt
1457 1591 1519 1622 per
1550 1582 1719 1623 platheas,
1752 1593 1817 1614 nec
1850 1594 1890 1614 ea
1914 1583 1969 1614 die

127 1633 244 1665 traditi
268 1633 456 1674 sepulture.
503 1633 595 1664 Inter
619 1643 705 1674 quos
729 1633 796 1664 fuit
819 1633 992 1675 Rucerius
1016 1633 1059 1664 de
1085 1633 1268 1675 Vigoncia,
1293 1633 1464 1665 Antonius
1482 1645 1500 1665 a
1518 1634 1626 1665 santo
1654 1635 1734 1666 Vito
1758 1641 1791 1666 et
1816 1647 1902 1666 unus
1927 1637 1970 1667 de

64 1685 105 1717 25
129 1685 338 1728 Brudigine3
363 1685 458 1716 multi
483 1691 596 1717 autem
620 1686 664 1716 ad
689 1691 838 1717 castrum
862 1686 1042 1717 redierunt
1066 1687 1246 1718 mortifere
1270 1687 1450 1718 vulnerati.
1497 1688 1548 1718 Ex
1566 1698 1632 1728 quo
1656 1688 1796 1719 triumfo
1814 1688 1969 1720 Paduani

128 1739 285 1781 sequenti
309 1738 365 1770 die
390 1739 658 1771 celebraverunt
682 1739 807 1770 festum
831 1740 1020 1771 solemnem
1044 1740 1080 1771 in
1113 1741 1262 1771 ecclesia
1285 1746 1382 1771 sante
1415 1741 1542 1772 Iustine
1574 1742 1608 1772 in
1634 1741 1708 1773 eius
1739 1744 1903 1774 honorem
1939 1750 1973 1775 et

129 1793 330 1824 memoriam
355 1791 503 1833 predicti
528 1792 659 1824 domini
684 1792 834 1824 Nicolai.
883 1793 926 1824 Et
948 1794 1106 1834 predicta
1131 1794 1230 1825 fuere
1255 1792 1468 1831 MCCCXX,
1494 1794 1550 1826 die
1575 1795 1685 1827 tercio
1710 1796 1805 1828 iunii.

214 1899 266 1933 97.
291 1899 369 1941 [99].
395 1917 436 1922 -
459 1898 514 1931 Ob
537 1899 685 1942 grandia
707 1899 882 1942 obsequia,
906 1909 974 1942 que
999 1900 1200 1941 magnificus
1225 1900 1382 1931 dominus
1406 1900 1571 1932 Nicolaus
1599 1902 1642 1933 de
1671 1902 1831 1934 Carraria
1862 1904 1971 1945 impe-

128 1953 254 1984 ratorie
278 1953 445 1996 irrogavit
468 1953 641 1984 maiestati
663 1953 697 1984 in
723 1953 864 1985 civitate
889 1954 1042 1985 tenendo
1067 1961 1198 1994 partem
1223 1955 1294 1984 eius
1319 1960 1353 1985 et
1377 1954 1484 1994 ipsius
1507 1955 1636 1986 amicos
1660 1955 1873 1993 sullevando‚
1905 1957 1969 1998 ipsi

64 2007 104 2038 30
129 2006 258 2047 placuit
281 2006 481 2047 imperatori
506 2006 617 2047 ipsum
642 2006 817 2038 dominum
850 2006 1033 2038 Nicolaum
1056 2007 1091 2037 in
1123 2007 1392 2039 retribucionem
1421 2007 1650 2048 privilegiam,
1673 2015 1775 2050 prout
1797 2009 1832 2039 in
1856 2010 1969 2042 forma

129 2059 255 2102 legitur
277 2059 509 2101 subsequenti.

219 2166 261 2199 98.
282 2164 368 2200 [100].
392 2179 424 2184 —-
444 2166 601 2195 Federieus,
620 2167 672 2190 Dei
693 2169 785 2198 gratia
805 2168 998 2191 Romanorum
1018 2175 1073 2197 rex,
1090 2175 1197 2199 semper
1212 2170 1353 2198 augustum,
1369 2169 1510 2192 universis
1523 2169 1595 2191 sacri
1610 2167 1733 2193 Romani
1748 2170 1861 2201 imperii
1879 2170 1973 2194 fideli-

136 2212 188 2235 bus
207 2213 348 2243 presentes
368 2211 485 2235 licteras
505 2213 673 2243 inspecturis
692 2213 817 2243 graciam
837 2220 915 2236 suam
929 2214 957 2236 et
971 2219 1053 2236 omne
1071 2212 1187 2235 bonum.
1218 2212 1341 2236 Tociens
1360 2214 1435 2243 regie
1449 2212 1629 2237 celsitudinis
1641 2215 1765 2245 septrum
1781 2214 1866 2238 altius
1879 2215 1972 2239 extol-

138 2256 207 2280 litur
220 2258 247 2280 et
261 2257 351 2288 ipsius
370 2258 462 2280 status
475 2257 597 2281 solidius
615 2257 767 2286 solidatur,
786 2258 924 2288 quociens
945 2257 1075 2280 fidelium
1095 2258 1263 2280 devotorum
1282 2259 1347 2280 vota
1360 2257 1484 2287 benigno
1498 2258 1675 2288 prosequitur
1689 2258 1786 2282 affectu
1800 2261 1828 2282 et
1847 2260 1881 2283 ad
1895 2261 1970 2291 ipso-

67 2307 99 2333 35
132 2309 193 2325 rum
213 2303 273 2325 iura
293 2303 320 2324 et
339 2302 451 2332 gracias
471 2302 623 2325 servandas
644 2302 778 2333 largiflua
799 2303 937 2333 principis
959 2302 1108 2325 clementia
1136 2302 1289 2325 iuvenitur.
1327 2302 1548 2326 Constderantcs
1568 2303 1661 2333 itaque
1681 2303 1789 2327 nobilis
1809 2305 1863 2327 viri
1884 2304 1970 2329 Nico-

138 2345 175 2369 lai
196 2346 229 2369 de
249 2345 391 2373 Carraria,
411 2347 470 2369 nati
493 2345 634 2377 quondam
654 2347 760 2370 nobilis
780 2347 832 2369 viri
854 2346 983 2370 chrtini
1006 2347 1037 2369 de
1059 2346 1199 2373 Carraria,
1229 2347 1319 2369 nostri
1340 2348 1367 2368 et
1388 2347 1500 2377 imperii
1525 2346 1621 2371 fidelis
1640 2347 1748 2376 dilecti,
1767 2350 1847 2380 grata
1866 2352 1893 2372 et
1911 2349 1971 2373 fru-

132 2391 238 2420 etuosa,
258 2397 311 2421 que
331 2391 416 2414 nobis
435 2392 463 2414 et
483 2390 603 2422 imperio
623 2391 653 2413 in
673 2392 756 2414 antea
775 2391 888 2414 exibere
908 2392 1017 2422 poterit
1036 2390 1167 2421 obsequia
1189 2392 1215 2413 et
1236 2393 1265 2413 ut
1288 2391 1314 2413 in
1336 2390 1502 2414 devocionis
1522 2393 1549 2414 et
1565 2391 1715 2415 fidelitatis
1729 2392 1819 2423 celum
1838 2401 1903 2425 erga
1918 2402 1971 2418 nos

138 2436 165 2458 et
183 2442 292 2458 sacrum
312 2436 461 2466 imperium
482 2435 622 2458 ferventes
641 2435 841 2463 accendantur,
862 2436 955 2466 ipsum
974 2436 1007 2458 de
1027 2435 1157 2459 districtu
1177 2436 1204 2458 et
1223 2435 1301 2458 omni.
1323 2435 1435 2457 iusticia
1455 2437 1482 2458 et
1503 2435 1688 2459 iurisdicione
1709 2437 1792 2460 nobis
1811 2439 1838 2461 et
1852 2437 1971 2470 imperio

228 2549 251 2567 2.
271 2543 356 2567 iudex
376 2551 424 2567 om.
445 2543 468 2568 S
486 2557 518 2561 —-
537 2552 562 2575 4.
581 2545 674 2575 propt.
696 2543 742 2576 ali]
762 2544 936 2575 principalia
958 2544 980 2568 S
998 2557 1029 2561 —
1050 2548 1074 2573 5.
1095 2543 1228 2567 dominus
1250 2543 1281 2566 de
1303 2543 1428 2573 Bolcano
1449 2543 1558 2567 rediiss.
1575 2544 1639 2568 S—
1661 2551 1684 2576 7.
1706 2545 1815 2569 occulte
1835 2545 1858 2568 S
1874 2559 1908 2562 —
1931 2553 1969 2570 12.

134 2585 209 2616 quod
230 2586 253 2609 S
270 2598 278 2602 -
299 2585 334 2609 ad
355 2587 478 2609 castrum
498 2586 521 2610 S
538 2599 548 2603 -
568 2586 730 2610 conflictum
751 2587 921 2617 percepisset
940 2585 962 2608 S
980 2599 1012 2602 —-
1034 2593 1074 2616 13.
1094 2584 1191 2616 scmp.]
1211 2585 1324 2608 assidue
1344 2586 1366 2608 S
1384 2597 1391 2601 -
1414 2586 1473 2608 vice
1492 2585 1610 2616 quadam
1626 2585 1649 2610 S
1662 2600 1692 2603 —-
1709 2587 1860 2619 14.eastr.]
1877 2589 1968 2619 ipsum

135 2627 158 2651 S
175 2640 184 2644 -
204 2627 243 2650 ibi
265 2628 287 2651 S
303 2641 337 2644 —
359 2626 445 2658 18-19.
466 2629 576 2653 set....
597 2626 815 2659 stipendiarius]
835 2630 934 2651 contra
954 2635 1024 2658 quos
1044 2627 1109 2650 dum
1128 2627 1335 2658 stipendiarius
1356 2627 1378 2650 S
1395 2640 1428 2642 —
1448 2633 1488 2650 30.
1509 2628 1550 2650 sic.
1570 2628 1612 2651 ait
1631 2628 1653 2652 S
1677 2642 1708 2645 —
1736 2634 1776 2652 21.
1797 2630 1899 2653 civitas
1934 2631 1970 2653 ab

132 2669 262 2693 hostibus
283 2677 416 2702 oppressa
438 2670 461 2694 S
478 2683 510 2687 -—
531 2676 572 2701 23.
593 2671 622 2693 in
644 2670 726 2694 fovea
747 2678 794 2694 om.
815 2670 838 2694 S
855 2684 887 2687 --
908 2677 949 2702 25·
970 2668 1128 2702 mortifere]
1150 2669 1261 2692 letifere
1281 2670 1304 2692 S
1320 2681 1333 2686 -
1352 2669 1484 2699 triumfo]
1507 2670 1627 2693 victoria
1647 2670 1670 2694 S
1688 2684 1719 2688 ——
1740 2671 1781 2696 28.
1802 2672 1892 2695 multa
1912 2672 1935 2696 S

90 2761 104 2788 5
218 2756 228 2773 ¹
247 2756 383 2786 Con-rus„
406 2759 544 2787 Chronica,
564 2758 600 2789 ΙΙ,
623 2765 668 2787 113
689 2759 837 2787 ΜυεεΛτο,
864 2760 907 2782 De
927 2759 1025 2790 gestis,
1080 2758 1092 2770 ‘⁴
1107 2764 1199 2781 serens
1218 2764 1280 2780 eum
1301 2758 1409 2787 partem
1430 2758 1540 2789 imperii
1557 2758 1711 2787 sublevare,
1725 2762 1752 2783 et
1766 2768 1827 2783 cum
1842 2768 1970 2785 accusas-

130 2798 205 2829 XIV,
226 2804 239 2829 5
259 2798 313 2831 (ed.
333 2799 447 2827 MitmN,
467 2808 492 2832 p.
514 2798 547 2831 89
567 2799 628 2831 sg.).
1082 2799 1094 2812 “
1106 2802 1146 2823 set
1168 2800 1239 2823 falso
1254 2800 1372 2822 domino
1387 2799 1419 2822 de
1434 2799 1527 2829 Valse,
1540 2801 1614 2832 quod
1628 2801 1775 2825 hostiliter
1789 2804 1969 2828 convenisset

219 2840 229 2856 ²
249 2840 385 2871 Corn-us,
407 2843 547 2872 Chronica,
571 2842 605 2871 Π,
629 2849 673 2872 1²3
694 2842 845 2870 MUSSATO,
865 2844 909 2866 De
926 2843 1023 2874 gestis,
1082 2842 1094 2855 “
1108 2843 1140 2865 ilc
1160 2843 1277 2865 civitate
1298 2842 1452 2872 prodenda,
1477 2842 1508 2865 in
1534 2842 1705 2867 Rainaldum
1727 2844 1819 2875 ipsum
1842 2845 1909 2868 fecit
1929 2847 1970 2868 in-

131 2883 205 2914 XIV,
227 2889 239 2914 5
261 2882 314 2915 (ed.
333 2883 446 2913 Msnm,
467 2891 493 2915 p.
513 2883 567 2915 90).
1081 2883 1222 2913 “sultum,
1241 2891 1358 2914 eumque
1378 2885 1496 2914 peremit
1516 2885 1546 2908 in
1566 2885 1679 2917 plathea
1701 2887 1837 2910 ecclesiae
1867 2886 1969 2910 Cathe-
2000 2891 2029 2917 15

220 2922 231 2939 ³
251 2924 389 2956 Con'rus,
410 2925 550 2956 chronica,
568 2925 603 2954 11,
626 2932 666 2957 13.
1079 2925 1092 2940 ⁸
1104 2926 1192 2950 dralis
1207 2942 1229 2958 ὓ.

74 2976 106 2994 10
218 2965 229 2982 ⁴
249 2967 386 2998 CORTUS„
408 2968 546 2997 Chronica,
565 2967 600 2998 11,
622 2975 668 3000 13:
690 2967 703 2980 “
723 2969 770 2992 sed
784 2968 916 2992 dominus
937 2968 1024 2992 Nico·
1165 2966 1175 2982 ⁵
1195 2968 1334 2997 Comus,
1356 2969 1495 2997 Chronica,
1515 2968 1549 2999 11,
1571 2976 1611 3001 14.

135 3008 220 3033 “laus
239 3010 272 3034 (le
292 3009 422 3034 Carraria
443 3016 568 3034 reversus
589 3017 603 3034 a
623 3011 800 3043 parlamenti>
828 3010 954 3038 Bolzani,
981 3017 1021 3033 as-

265 3124 298 3150 T.
316 3124 403 3154 XVII,
424 3133 450 3158 p.
469 3131 489 3154 1,
511 3125 565 3150 vol.
585 3131 610 3150 11
632 3139 663 3143 -—
683 3133 707 3157 3.
