2422 3684
130 384 234 416 seque
259 385 335 405 cum
358 373 500 406 Venetis
527 373 721 414 ligaverant
744 379 778 404 et
804 373 1020 407 Florentinis.
1047 372 1237 404 custodiam
1257 372 1404 403 civitatis
1427 371 1548 402 Padue
1575 373 1806 403 conmiserunt
1831 373 1970 403 domino

126 426 282 459 Marsilio
306 427 349 458 de
373 425 543 463 Carraria,
571 425 631 467 qui
647 425 743 456 illico
768 426 838 457 suis
863 426 997 457 civibus
1023 427 1204 467 paduanis,
1228 425 1352 468 quibus
1377 424 1499 456 melius
1523 424 1731 463 confidebat,
1756 432 1873 466 portas
1897 436 1970 456 mu-

129 480 215 511 nivit
238 479 397 511 civitatis.
443 479 488 510 Et
509 479 558 510 sic
583 478 741 510 dominus
765 478 933 510 Mastinus
957 479 1133 511 Veronam
1159 478 1336 520 equitavit,
1360 477 1500 509 dimisso
1524 477 1643 508 Padue
1668 478 1806 509 domino
1824 478 1970 509 Alberto

128 542 205 564 cum
230 531 458 564 Theotonicis
474 531 681 573 quingentis.
714 531 857 572 Insuper
875 532 1032 562 dominus
1048 531 1223 563 Marsilius
1240 541 1385 572 propter
1409 531 1591 562 evitandas
1608 531 1862 572 oppressioneS‚
1887 541 1972 573 quas

86 585 104 616 5
129 585 260 617 domini
283 585 362 617 dela
385 584 488 615 Scala
512 584 695 615 occasione
711 593 834 626 guerre
853 584 1028 616 Paduanis
1045 584 1253 621 inferebant,
1271 585 1440 616 mutuavit
1455 584 1539 625 ipsis
1556 583 1703 615 dominis
1720 584 1860 626 triginta
1876 584 1969 615 milia

129 639 350 671 florenorum.

222 745 283 777 139
308 744 409 785 [139].
431 764 471 769 -
493 743 596 776 Anno
620 743 751 775 domini
776 744 1095 782 MCCCXXXVII,
1120 745 1162 775 de
1185 755 1302 776 mense
1319 744 1403 783 iulii,
1420 744 1477 776 lux
1494 744 1653 786 apparuit
1670 744 1703 774 in
1721 744 1884 781 tenebris,
1906 754 1971 785 que

130 798 304 831 civitatem
329 797 449 829 Padue
473 803 580 829 totam
604 797 808 828 clarificavit
825 796 844 828 ¹.
890 797 978 828 Nam
1002 798 1160 829 dominus
1185 796 1362 829 Marsilius
1385 797 1527 840 grandis
1553 798 1596 828 de
1627 797 1799 835 Carraria,
1825 807 1969 838 oppres-

128 852 244 883 siones
267 851 390 883 videns
412 850 662 883 intollerabiles
686 849 942 891 Paduanorum,
965 850 1073 882 bonos
1090 851 1186 882 cives
1203 850 1362 882 domibus
1378 850 1527 892 propriis
1546 850 1685 891 expelli,
1709 851 1861 892 ipsorum
1879 849 1971 882 bona

67 904 104 935 10
129 904 163 935 in
188 915 266 935 usus
290 905 422 935 alienos
446 903 614 940 converti,
638 903 784 934 iniustas
808 903 948 943 rapinas
973 909 1006 934 et
1029 910 1145 944 stupra
1168 904 1309 944 impune
1335 904 1511 940 conmicti‚
1535 903 1617 934 satis
1633 914 1733 945 quam
1751 914 1810 935 sue
1832 903 1970 944 proprie

129 956 268 998 publice
293 957 465 988 amantior
488 956 646 988 utilitatis
670 956 740 987 alto
764 956 880 987 animo
903 966 1021 987 secum
1045 957 1218 998 intrepide
1252 956 1415 998 concepit
1449 957 1623 988 civitatem
1654 967 1750 988 suam
1776 957 1895 987 Padue
1927 957 1970 987 de

125 1010 308 1053 ergastulis
333 1010 470 1051 eripere
494 1015 565 1041 tam
587 1009 767 1040 servitiose
793 1009 1012 1046 calamitatis,
1036 1020 1077 1041 ex
1102 1010 1238 1051 hocque
1262 1020 1298 1040 se
1323 1009 1434 1041 subito
1459 1009 1548 1040 clam
1581 1016 1615 1041 et
1638 1016 1770 1041 secrete
1794 1009 1973 1041 coniunxit

127 1070 162 1094 et
185 1063 429 1095 confederavit
452 1062 719 1094 comunitatibus
747 1062 975 1093 Veneciarum
1002 1069 1035 1093 et
1061 1062 1253 1099 Florencie,
1278 1063 1389 1094 eciam
1416 1063 1482 1094 sibi
1506 1063 1540 1093 in
1564 1063 1763 1094 memoriam
1792 1062 1971 1094 adducens

127 1127 229 1158 quam
253 1116 367 1147 multis
391 1115 555 1157 periculis
579 1115 793 1147 subiacebat.
840 1115 982 1146 Sciebat
1006 1116 1106 1153 enim,
1132 1115 1189 1147 ubi
1212 1116 1372 1157 aptitudo
1390 1117 1439 1146 rei
1456 1116 1632 1147 materiam
1651 1116 1854 1157 prebuisset,
1880 1116 1972 1147 ordi-

68 1169 104 1200 15
130 1176 246 1202 natum
271 1180 334 1211 per
357 1169 515 1200 dominos
539 1169 618 1200 dela
642 1168 745 1200 Scala
770 1168 835 1200 sibi
859 1175 893 1199 et
917 1167 1200 1200 Carrariensibus
1224 1169 1350 1200 ceteris
1373 1168 1515 1200 insidias
1539 1169 1668 1200 debere
1696 1170 1821 1211 parari.
1862 1169 1967 1200 Unde

129 1233 190 1264 per
214 1232 360 1254 comune
386 1222 621 1254 veneciarum
647 1228 681 1253 et
703 1221 882 1252 dominum
905 1220 1100 1252 Marsilium
1126 1223 1169 1252 de
1188 1222 1348 1253 Carraria
1373 1222 1554 1263 conposito
1579 1222 1663 1263 quid
1687 1222 1721 1253 in
1740 1223 1834 1254 facto
1852 1222 1972 1254 Padue

129 1282 249 1307 contra
273 1275 431 1307 dominos
456 1276 534 1307 dela
558 1274 662 1307 Scala
686 1280 775 1306 esset
798 1274 983 1316 agendum,
1008 1275 1105 1306 miles
1129 1275 1290 1317 egregius
1314 1275 1471 1306 dominus
1495 1275 1618 1306 Petrus
1642 1276 1685 1306 de
1717 1275 1850 1307 Rubeis
1876 1286 1972 1307 exer-

130 1329 235 1360 citum
259 1329 327 1370 lige
351 1329 447 1359 duxit
470 1329 515 1360 ad
540 1328 657 1359 villam
682 1327 832 1366 Noente‚
855 1327 993 1368 paulum
1018 1328 1140 1359 amodo
1165 1328 1360 1359 formidans
1376 1328 1571 1369 potenciam
1589 1327 1895 1367 Theotonicorum‚
1913 1329 1973 1370 qui

128 1382 164 1413 in
188 1382 309 1413 Padua
334 1381 528 1412 manebant.
575 1381 620 1412 Et
644 1381 710 1412 fuit
734 1380 800 1412 hoc
825 1380 880 1411 die
905 1390 1011 1411 xxnn
1036 1381 1107 1411 iulii
1132 1381 1284 1411 eiusdem
1318 1380 1500 1412 millesimi.
1549 1381 1684 1412 Deinde
1715 1382 1886 1413 transiens
1909 1393 1971 1423 per

64 1436 105 1466 20
130 1435 245 1467 viliam
268 1435 390 1466 Turris
413 1445 448 1465 se
473 1434 588 1475 posuit
610 1434 646 1465 in
669 1434 750 1465 villa
774 1434 969 1476 Brucigane
994 1444 1154 1475 moxque,
1178 1439 1340 1475 superato
1364 1434 1504 1465 flumine
1529 1444 1591 1475 per
1606 1440 1728 1477 gentes
1746 1435 1971 1473 Venetorum,

129 1494 264 1529 portam
288 1494 406 1520 sancte
432 1487 554 1519 Crucis
576 1488 801 1530 oppugnavit.
848 1486 987 1518 Interim
1012 1487 1172 1518 dominus
1197 1487 1320 1518 Petrus
1345 1488 1389 1518 de
1414 1487 1548 1518 Rubeis
1567 1498 1644 1518 cum
1661 1488 1821 1530 gentibus
1838 1488 1908 1530 lige
1926 1489 1971 1520 ad

126 1549 260 1583 portam
284 1541 450 1583 equitavit
474 1541 704 1580 Pontiscurvi‚
729 1551 831 1583 quam
854 1540 947 1571 iussu
971 1540 1100 1571 domini
1128 1540 1272 1570 Marsilii
1298 1541 1342 1571 de
1367 1540 1528 1572 Carraria
1544 1540 1677 1572 invenit
1700 1547 1866 1582 apertam.
1907 1542 1972 1573 Hic

126 1605 206 1626 mox
231 1601 362 1636 portam
389 1594 583 1635 predictam
608 1595 716 1635 pedes
738 1593 880 1624 intravit
903 1593 1068 1624 militibus
1092 1594 1217 1624 ceteris
1241 1594 1402 1625 sociatus.
1448 1594 1596 1631 Deinde,
1614 1594 1751 1625 inventa
1767 1600 1868 1635 porta
1885 1596 1973 1626 santi

130 1648 278 1679 Steffani
310 1654 443 1689 aperta,
465 1647 558 1678 nullo
586 1647 861 1682 contradicente,
886 1646 1031 1678 liberum
1056 1646 1176 1677 habuit
1200 1646 1332 1677 aditum
1357 1647 1400 1677 ad
1425 1646 1592 1687 platheas,
1616 1647 1674 1678 ubi
1700 1647 1813 1689 parati
1839 1648 1972 1680 nobiles

65 1701 105 1732 25
131 1712 248 1733 omnes
273 1707 371 1732 erant
394 1701 436 1732 de
455 1701 616 1732 Carraria
641 1700 768 1732 ceteris
791 1699 965 1731 nobilibus
981 1699 1100 1730 Padue
1118 1699 1254 1730 sociati.
1291 1699 1377 1730 Illuc
1395 1700 1578 1731 confestim
1598 1710 1785 1732 concursus
1804 1702 1835 1732 fit
1854 1703 1972 1743 populi

128 1754 371 1786 universaliter
394 1753 633 1785 acclamantis:
663 1751 904 1784 “Benedictus
927 1753 1030 1790 Deus,
1053 1753 1110 1794 qui
1136 1753 1222 1784 fecit
1246 1752 1529 1793 redempcionem
1554 1752 1668 1794 plebis
1690 1763 1749 1784 sue
1765 1778 1791 1794 „.
1838 1755 1890 1786 Ea
1916 1756 1971 1786 die

131 1808 269 1849 capitur
293 1807 453 1839 domiuus
478 1807 639 1838 Albertus
657 1807 736 1838 dela
754 1806 857 1838 Scala
876 1806 1037 1847 nullaque
1054 1806 1261 1846 interposita
1276 1816 1381 1843 mora,
1400 1806 1509 1837 cuntis
1526 1805 1643 1837 Padue
1663 1806 1795 1839 civibus
1812 1809 1974 1841 alacriter

129 1861 370 1900 annuentibus,
397 1860 516 1892 Padue
542 1860 729 1891 dominium
758 1860 905 1891 traditur
930 1859 1113 1900 magnifico
1138 1859 1277 1889 domino
1302 1859 1458 1890 Marsilio
1491 1860 1534 1890 de
1566 1859 1737 1891 Carraria.
1785 1861 1968 1893 Dominum

130 1914 325 1946 Guidonem
348 1914 486 1946 Ricium
511 1914 553 1945 de
578 1913 711 1944 Fuiano
730 1919 763 1944 et
787 1913 873 1943 alios
897 1912 1117 1944 Veronenses
1141 1918 1274 1953 captOS,
1300 1912 1357 1953 qui
1374 1922 1436 1952 pro
1455 1913 1601 1943 dominis
1625 1912 1704 1944 dela
1728 1913 1833 1946 Scala
1850 1915 1970 1946 Padue

65 1968 107 2000 30
130 1974 292 2009 preerant
316 1967 483 2004 custodie,
507 1967 710 2009 magnificus
733 1966 892 1997 dominus
916 1965 1092 1997 Massilius
1116 1966 1160 1996 de
1184 1965 1347 1997 Carraria
1378 1965 1475 1996 iussit
1497 1965 1532 1996 in
1556 1976 1617 1997 sua
1648 1966 1750 1997 domo
1783 1967 1970 2000 honorifice

129 2021 277 2062 sepeliri.
325 2021 362 2051 In
387 2021 453 2051 hoc
476 2021 639 2051 introitus
664 2020 782 2050 furore
806 2020 958 2061 quinque
990 2019 1205 2050 solummodo
1237 2018 1420 2059 perierunt,
1451 2018 1542 2049 inter
1572 2029 1658 2060 quos
1682 2020 1747 2051 fuit
1770 2020 1971 2053 Dominicus

131 2075 174 2106 de
198 2073 425 2116 Agrappatis:
451 2073 632 2106 dicebatur
657 2073 747 2104 enim
780 2079 878 2104 autor
908 2073 1015 2103 fuisse
1047 2071 1303 2103 coniuracionis
1333 2082 1396 2112 per
1430 2071 1605 2102 dominum
1637 2071 1857 2104 Albertinum
1890 2074 1970 2106 dela

128 2127 232 2158 Scala
261 2133 384 2158 contra
407 2127 650 2158 Carrarienses
681 2127 852 2162 ordinate,
876 2137 942 2167 que
976 2126 1175 2157 coniuracio
1200 2125 1265 2155 nisi
1289 2124 1525 2165 multipHciter
1550 2125 1692 2156 detecta
1716 2126 1849 2165 fuisset,
1874 2139 1971 2159 num-

130 2191 230 2222 quam
256 2180 414 2211 dominus
438 2180 611 2211 Marsilius
636 2190 712 2210 cum
738 2179 1020 2211 Carrariensibus
1043 2179 1087 2209 ad
1113 2178 1262 2209 civitatis
1286 2178 1487 2218 capcionem
1522 2183 1579 2208 aut
1601 2179 1646 2209 ad
1676 2180 1825 2220 aliquam
1849 2191 1970 2222 proru—

66 2233 105 2266 35
130 2234 238 2276 pisset
262 2235 458 2265 novitatem.
507 2233 701 2275 Quingenti
725 2233 774 2264 illi
801 2239 912 2264 autem
937 2232 1145 2263 Theotonici
1170 2232 1385 2262 dominorum
1412 2231 1490 2262 dela
1513 2230 1626 2270 Scala,
1645 2232 1702 2273 qui
1720 2232 1839 2265 Padue
1858 2242 1965 2271 erant,

131 2297 210 2317 mox
234 2287 428 2328 capiuntur,
452 2285 576 2328 quibus
599 2286 804 2328 magnificus
828 2286 984 2317 dominus
1008 2284 1183 2316 Marsiiius
1207 2285 1249 2315 de
1279 2284 1437 2315 Carraria
1465 2284 1632 2315 restitutis
1655 2285 1785 2316 eisdem
1810 2288 1913 2319 armis
1937 2294 1971 2320 et

130 2340 227 2382 equis
252 2339 436 2371 licenciam
461 2340 555 2371 dedit
579 2349 735 2370 securam
760 2339 959 2370 recedendi.
1006 2339 1061 2369 Ex
1092 2339 1158 2368 hoc
1190 2338 1304 2379 itaque
1338 2338 1427 2368 douo
1453 2337 1516 2368 Dei
1541 2337 1706 2369 Veneciis
1729 2345 1763 2370 et
1785 2340 1971 2372 Florencie

132 2392 309 2424 celebrata
325 2393 465 2424 fuerunt
481 2393 572 2424 festa
587 2392 755 2424 solennia.
795 2393 865 2423 Iam
884 2392 980 2423 Italia
997 2397 1069 2423 tota
1087 2392 1190 2422 canit.
1229 2390 1279 2421 Ea
1296 2390 1352 2421 die
1371 2391 1502 2427 civitas,
1523 2396 1571 2422 tot
1587 2398 1665 2423 ante
1683 2394 1970 2433 oppressionibus

131 2452 268 2484 vexata,
291 2446 547 2488 tranquillatur.
594 2446 637 2477 Et
660 2446 724 2477 hec
749 2446 909 2487 predicta
932 2446 1030 2476 fuere
1056 2443 1372 2480 MCCCXXXVH,
1397 2443 1453 2474 die
1489 2444 1662 2475 dominico
1685 2446 1795 2477 tercio
1820 2448 1967 2489 augusti.

225 2583 245 2601 1.
266 2575 366 2607 ligav.]
386 2575 639 2600 confederaverant
660 2576 682 2600 S
699 2589 730 2593 —
753 2583 776 2600 2.
796 2576 878 2599 illico
898 2576 1043 2599 Paduanis
1069 2575 1130 2598 illis
1155 2575 1256 2605 quibus
1275 2573 1298 2598 S
1315 2586 1323 2590 -
1343 2573 1533 2598 communivit
1553 2574 1576 2598 S
1593 2587 1624 2591 -
1644 2581 1670 2606 9,
1691 2577 1817 2606 optimos
1840 2577 1863 2601 S
1881 2591 1911 2595 -
1935 2584 1975 2602 11.

136 2618 278 2642 amantior
298 2626 346 2642 om.
367 2619 388 2642 S
407 2631 437 2634 —
461 2625 500 2642 12.
519 2619 642 2642 eximere
662 2620 717 2642 tam
738 2619 761 2642 S
777 2632 784 2635 -
806 2619 965 2642 servitnose
986 2619 1021 2641 Al
1036 2631 1069 2634 —
1092 2617 1131 2641 isi.
1153 2619 1241 2647 ipsum
1263 2616 1370 2639 domin.
1390 2618 1413 2640 S
1430 2629 1438 2632 -
1460 2616 1492 2639 (lc
1511 2616 1644 2640 Carraria
1664 2625 1711 2641 om.
1731 2617 1754 2642 S
1774 2632 1803 2635 -
1828 2617 1914 2651 16-17.
1941 2621 1970 2643 in

137 2660 213 2684 sacto
232 2661 270 2684 sit
294 2661 432 2692 agendum
454 2662 482 2683 in
503 2662 682 2692 surreptione
701 2661 796 2684 Padue
816 2662 848 2684 de
869 2661 1000 2684 manibus
1022 2660 1135 2683 illorum
1156 2660 1218 2682 dela
1239 2658 1338 2681 &chain
1368 2658 1390 2681 S
1408 2671 1439 2675 —
1463 2665 1502 2689 19.
1524 2659 1552 2682 in
1573 2658 1670 2682 Padua
1690 2660 1819 2683 civitatis
1840 2662 1970 2685 custodie

136 2703 325 2734 persistebant
345 2704 367 2727 S
384 2717 415 2720 —
438 2710 477 2726 20.
498 2702 608 2735 posuit]
629 2704 788 2727 collocavit
810 2704 832 2727 S
848 2716 858 2721 -
875 2702 976 2734 super]
997 2704 1100 2726 vadato
1121 2703 1142 2725 S
1162 2715 1192 2719 —
1215 2708 1254 2725 31.
1275 2703 1464 2732 oppugnatur.
1487 2700 1551 2727 Quo
1572 2701 1699 2725 instante
1713 2703 1820 2726 domin.
1835 2704 1857 2726 S
1876 2717 1906 2720 —
1930 2711 1971 2729 23.

91 2750 104 2776 5
136 2745 235 2775 equit.]
257 2745 378 2768 deflexit
399 2748 418 2769 S
437 2758 448 2763 -
468 2754 549 2776 quam
570 2747 671 2769 ordine
691 2747 759 2769 dato
780 2754 827 2778 per
847 2746 993 2769 dominum
1014 2746 1173 2768 Marsiliuni
1196 2746 1217 2767 S
1235 2757 1266 2760 —
1288 2750 1328 2774 23.
1349 2743 1482 2766 domiuus
1500 2744 1598 2766 Petrus
1612 2752 1678 2767 mox
1692 2744 1734 2768 S·
1755 2753 1816 2768 cum
1836 2747 1970 2777 gentibus

136 2788 272 2816 intravit3
293 2788 394 2810 deinde
415 2789 437 2811 S
461 2801 488 2804 —
512 2794 551 2818 24.
579 2789 714 2819 nulloque
739 2788 952 2812 contradicente
980 2789 1123 2811 militibus
1152 2788 1284 2809 omnibus
1314 2787 1437 2809 sociatus
1467 2786 1586 2809 liberum
1617 2789 1636 2811 S
1663 2799 1674 2804 -
1704 2788 1798 2818 ibique
1827 2789 1849 2812 S
1875 2803 1905 2805 —
1929 2796 1969 2820 25.

137 2829 227 2853 nobil.
246 2829 389 2853 Paduanis
409 2829 432 2853 S
450 2843 458 2847 -
479 2830 547 2853 illuc
567 2829 655 2860 confi]
677 2831 830 2861 statimque
851 2831 890 2853 ibi
912 2830 934 2854 S
951 2843 982 2847 -
1004 2830 1044 2853 28.
1066 2831 1172 2853 domm.
1196 2837 1261 2852 vero
1281 2829 1303 2852 S
1322 2842 1352 2845 —
1374 2834 1416 2859 30.
1439 2828 1570 2851 detentos
1591 2830 1620 2851 in
1642 2837 1691 2852 sua
1710 2830 1733 2853 S
1752 2843 1781 2845 —
1804 2837 1847 2861 3¹-
1873 2829 1968 2863 sepeL]

136 2871 278 2895 custodiri.
296 2871 318 2894 S
333 2884 344 2890 -
365 2873 502 2895 introitus
519 2872 650 2896 civitatis
676 2873 698 2897 S
724 2886 753 2890 —
775 2879 817 2904 32.
844 2875 969 2896 autorem
996 2873 1019 2897 S
1036 2885 1044 2889 -
1065 2872 1214 2895 Albertum
1238 2872 1260 2894 S
1278 2884 1307 2887 —
1327 2877 1370 2901 34.
1391 2870 1555 2901 magnificus
1575 2870 1683 2895 domin.
1703 2871 1726 2895 S
1744 2885 1777 2888 —
1797 2877 1839 2904 35.
1863 2873 1909 2904 qui
1932 2873 1970 2897 ci-

137 2914 236 2938 vitatis
255 2915 385 2938 custodie
404 2917 537 2946 preerant
558 2915 580 2938 S
598 2928 629 2932 —
649 2914 691 2946 38.
713 2917 774 2939 tota
795 2916 817 2940 S

77 3023 108 3042 10
226 3017 235 3034 ¹
255 3018 391 3050 Con-rus,
412 3019 550 3050 Chronica,
570 3019 629 3051 VII,
652 3026 673 3044 1.
