<?xml version="1.0" encoding="UTF-8"?>
<!DOCTYPE html PUBLIC "-//W3C//DTD XHTML 1.0 Transitional//EN"
    "http://www.w3.org/TR/xhtml1/DTD/xhtml1-transitional.dtd">
<html xmlns="http://www.w3.org/1999/xhtml" xml:lang="en" lang="en">
 <head>
  <title>
</title>
<meta http-equiv="Content-Type" content="text/html;charset=utf-8" />
  <meta name='ocr-system' content='tesseract 3.04.00' />
  <meta name='ocr-capabilities' content='ocr_page ocr_carea ocr_par ocr_line ocrx_word'/>
</head>
<body>
  <div class='ocr_page' id='page_1' title='image "./p1f11rerumitalica17murauoft_0215.png"; bbox 0 0 2422 3684; ppageno 0'>
   <div class='ocr_carea' id='block_1_1' title="bbox 458 403 652 438">
    <p class='ocr_par' dir='ltr' id='par_1_1' title="bbox 458 403 652 438">
     <span class='ocr_line' id='line_1_1' title="bbox 458 403 652 438; baseline -0.015 0"><span class='ocrx_word' id='word_1_1' title='bbox 458 406 597 438; x_wconf 80' lang='lat' dir='ltr'><strong>REDAz.</strong></span> <span class='ocrx_word' id='word_1_2' title='bbox 621 403 652 435; x_wconf 85' lang='lat' dir='ltr'><em>A</em></span> 
     </span>
    </p>
   </div>
   <div class='ocr_carea' id='block_1_2' title="bbox 133 472 981 1102">
    <p class='ocr_par' dir='ltr' id='par_1_2' title="bbox 133 472 981 1102">
     <span class='ocr_line' id='line_1_2' title="bbox 133 472 974 520; baseline -0.011 -9"><span class='ocrx_word' id='word_1_3' title='bbox 133 479 248 520; x_wconf 85' lang='lat' dir='ltr'><strong>scopis</strong></span> <span class='ocrx_word' id='word_1_4' title='bbox 282 483 316 510; x_wconf 88' lang='lat' dir='ltr'><strong>et</strong></span> <span class='ocrx_word' id='word_1_5' title='bbox 347 477 414 509; x_wconf 91' lang='lat' dir='ltr'><strong>alia</strong></span> <span class='ocrx_word' id='word_1_6' title='bbox 445 475 565 517; x_wconf 89' lang='lat' dir='ltr'><strong>pulcra</strong></span> <span class='ocrx_word' id='word_1_7' title='bbox 601 474 762 506; x_wconf 82' lang='lat' dir='ltr'>comitiva</span> <span class='ocrx_word' id='word_1_8' title='bbox 793 483 899 514; x_wconf 84' lang='lat' dir='ltr'>eques</span> <span class='ocrx_word' id='word_1_9' title='bbox 930 472 974 503; x_wconf 84' lang='lat' dir='ltr'><strong>ad</strong></span> 
     </span>
     <span class='ocr_line' id='line_1_3' title="bbox 133 527 976 573; baseline -0.009 -9"><span class='ocrx_word' id='word_1_10' title='bbox 133 532 327 573; x_wconf 79' lang='lat' dir='ltr'>hospicium</span> <span class='ocrx_word' id='word_1_11' title='bbox 350 529 458 571; x_wconf 88' lang='lat' dir='ltr'><strong>ipsius</strong></span> <span class='ocrx_word' id='word_1_12' title='bbox 489 527 669 569; x_wconf 70' lang='lat' dir='ltr'>magnifici</span> <span class='ocrx_word' id='word_1_13' title='bbox 703 527 833 558; x_wconf 86' lang='lat' dir='ltr'><strong>domini</strong></span> <span class='ocrx_word' id='word_1_14' title='bbox 868 527 976 567; x_wconf 86' lang='lat' dir='ltr'><strong>ipsum</strong></span> 
     </span>
     <span class='ocr_line' id='line_1_4' title="bbox 134 579 977 616; baseline -0.009 1"><span class='ocrx_word' id='word_1_15' title='bbox 134 585 330 616; x_wconf 84' lang='lat' dir='ltr'>visitaturus</span> <span class='ocrx_word' id='word_1_16' title='bbox 361 582 517 615; x_wconf 83' lang='lat' dir='ltr'><strong>accessit.</strong></span> <span class='ocrx_word' id='word_1_17' title='bbox 564 581 614 612; x_wconf 91' lang='lat' dir='ltr'><strong>Ibi</strong></span> <span class='ocrx_word' id='word_1_18' title='bbox 649 586 715 610; x_wconf 79' lang='lat' dir='ltr'><strong>tam</strong></span> <span class='ocrx_word' id='word_1_19' title='bbox 750 579 905 610; x_wconf 67' lang='lat' dir='ltr'><strong>humanis</strong></span> <span class='ocrx_word' id='word_1_20' title='bbox 935 589 977 609; x_wconf 84' lang='lat' dir='ltr'><strong>ac</strong></span> 
     </span>
     <span class='ocr_line' id='line_1_5' title="bbox 135 631 977 680; baseline -0.011 -10"><span class='ocrx_word' id='word_1_21' title='bbox 135 638 294 680; x_wconf 86' lang='lat' dir='ltr'>benignis</span> <span class='ocrx_word' id='word_1_22' title='bbox 316 646 396 667; x_wconf 88' lang='lat' dir='ltr'><strong>usus</strong></span> <span class='ocrx_word' id='word_1_23' title='bbox 412 635 537 671; x_wconf 86' lang='lat' dir='ltr'><strong>verbis,</strong></span> <span class='ocrx_word' id='word_1_24' title='bbox 562 644 602 665; x_wconf 91' lang='lat' dir='ltr'><strong>ac</strong></span> <span class='ocrx_word' id='word_1_25' title='bbox 619 633 644 664; x_wconf 93' lang='lat' dir='ltr'><strong>si</strong></span> <span class='ocrx_word' id='word_1_26' title='bbox 664 632 767 674; x_wconf 88' lang='lat' dir='ltr'><strong>ipsius</strong></span> <span class='ocrx_word' id='word_1_27' title='bbox 785 632 903 662; x_wconf 83' lang='lat' dir='ltr'><strong>fuisset</strong></span> <span class='ocrx_word' id='word_1_28' title='bbox 925 631 977 661; x_wconf 74' lang='lat' dir='ltr'><strong>af—</strong></span> 
     </span>
     <span class='ocr_line' id='line_1_6' title="bbox 136 687 980 730; baseline -0.011 -7"><span class='ocrx_word' id='word_1_29' title='bbox 136 692 221 730; x_wconf 84' lang='lat' dir='ltr'><strong>finis,</strong></span> <span class='ocrx_word' id='word_1_30' title='bbox 245 689 531 729; x_wconf 83' lang='lat' dir='ltr'><strong>descendensque</strong></span> <span class='ocrx_word' id='word_1_31' title='bbox 555 688 673 729; x_wconf 88' lang='lat' dir='ltr'><strong>pedes,</strong></span> <span class='ocrx_word' id='word_1_32' title='bbox 688 687 800 717; x_wconf 89' lang='lat' dir='ltr'><strong>locum</strong></span> <span class='ocrx_word' id='word_1_33' title='bbox 820 695 980 726; x_wconf 87' lang='lat' dir='ltr'><strong>perscru-</strong></span> 
     </span>
     <span class='ocr_line' id='line_1_7' title="bbox 136 738 977 780; baseline -0.012 -4"><span class='ocrx_word' id='word_1_34' title='bbox 136 750 225 776; x_wconf 88' lang='lat' dir='ltr'><strong>tatus</strong></span> <span class='ocrx_word' id='word_1_35' title='bbox 249 749 311 780; x_wconf 91' lang='lat' dir='ltr'><strong>est,</strong></span> <span class='ocrx_word' id='word_1_36' title='bbox 328 748 363 774; x_wconf 91' lang='lat' dir='ltr'><strong>et</strong></span> <span class='ocrx_word' id='word_1_37' title='bbox 379 742 516 773; x_wconf 88' lang='lat' dir='ltr'><strong>demum</strong></span> <span class='ocrx_word' id='word_1_38' title='bbox 541 741 575 771; x_wconf 91' lang='lat' dir='ltr'><strong>in</strong></span> <span class='ocrx_word' id='word_1_39' title='bbox 600 750 736 772; x_wconf 84' lang='lat' dir='ltr'><strong>camera</strong></span> <span class='ocrx_word' id='word_1_40' title='bbox 753 745 833 769; x_wconf 83' lang='lat' dir='ltr'><strong>ante</strong></span> <span class='ocrx_word' id='word_1_41' title='bbox 852 738 977 769; x_wconf 85' lang='lat' dir='ltr'><strong>lectum</strong></span> 
     </span>
     <span class='ocr_line' id='line_1_8' title="bbox 136 792 978 836; baseline -0.011 -7"><span class='ocrx_word' id='word_1_42' title='bbox 136 796 301 832; x_wconf 82' lang='lat' dir='ltr'><strong>consedit,</strong></span> <span class='ocrx_word' id='word_1_43' title='bbox 314 795 423 836; x_wconf 85' lang='lat' dir='ltr'><strong>ipsius</strong></span> <span class='ocrx_word' id='word_1_44' title='bbox 445 793 621 835; x_wconf 81' lang='lat' dir='ltr'><strong>magnifici</strong></span> <span class='ocrx_word' id='word_1_45' title='bbox 645 792 773 824; x_wconf 88' lang='lat' dir='ltr'><strong>domini</strong></span> <span class='ocrx_word' id='word_1_46' title='bbox 791 792 978 822; x_wconf 81' lang='lat' dir='ltr'><strong>adventum</strong></span> 
     </span>
     <span class='ocr_line' id='line_1_9' title="bbox 137 843 981 890; baseline -0.009 -9"><span class='ocrx_word' id='word_1_47' title='bbox 137 855 333 890; x_wconf 80' lang='lat' dir='ltr'><strong>expectans.</strong></span> <span class='ocrx_word' id='word_1_48' title='bbox 381 847 461 885; x_wconf 86' lang='lat' dir='ltr'><strong>Quo</strong></span> <span class='ocrx_word' id='word_1_49' title='bbox 484 857 548 888; x_wconf 91' lang='lat' dir='ltr'><strong>per</strong></span> <span class='ocrx_word' id='word_1_50' title='bbox 571 846 760 877; x_wconf 76' lang='lat' dir='ltr'>familiares</span> <span class='ocrx_word' id='word_1_51' title='bbox 790 844 896 886; x_wconf 87' lang='lat' dir='ltr'><strong>ipsius</strong></span> <span class='ocrx_word' id='word_1_52' title='bbox 920 843 981 874; x_wconf 88' lang='lat' dir='ltr'><strong>do-</strong></span> 
     </span>
     <span class='ocr_line' id='line_1_10' title="bbox 137 897 978 935; baseline -0.007 -3"><span class='ocrx_word' id='word_1_53' title='bbox 137 901 218 932; x_wconf 90' lang='lat' dir='ltr'><strong>mini</strong></span> <span class='ocrx_word' id='word_1_54' title='bbox 241 901 285 932; x_wconf 86' lang='lat' dir='ltr'><strong>ad</strong></span> <span class='ocrx_word' id='word_1_55' title='bbox 308 901 381 932; x_wconf 87' lang='lat' dir='ltr'><strong>eius</strong></span> <span class='ocrx_word' id='word_1_56' title='bbox 398 911 498 932; x_wconf 89' lang='lat' dir='ltr'><strong>aures</strong></span> <span class='ocrx_word' id='word_1_57' title='bbox 516 898 679 935; x_wconf 88' lang='lat' dir='ltr'><strong>deducto,</strong></span> <span class='ocrx_word' id='word_1_58' title='bbox 697 899 823 930; x_wconf 73' lang='lat' dir='ltr'><strong>festine</strong></span> <span class='ocrx_word' id='word_1_59' title='bbox 841 897 978 928; x_wconf 86' lang='lat' dir='ltr'><strong>domum</strong></span> 
     </span>
     <span class='ocr_line' id='line_1_11' title="bbox 137 950 980 995; baseline -0.008 -9"><span class='ocrx_word' id='word_1_60' title='bbox 137 953 252 992; x_wconf 88' lang='lat' dir='ltr'><strong>rediit,</strong></span> <span class='ocrx_word' id='word_1_61' title='bbox 275 954 334 986; x_wconf 90' lang='lat' dir='ltr'><strong>ubi</strong></span> <span class='ocrx_word' id='word_1_62' title='bbox 357 954 457 985; x_wconf 88' lang='lat' dir='ltr'><strong>simul</strong></span> <span class='ocrx_word' id='word_1_63' title='bbox 480 954 514 984; x_wconf 90' lang='lat' dir='ltr'><strong>in</strong></span> <span class='ocrx_word' id='word_1_64' title='bbox 538 953 640 995; x_wconf 81' lang='lat' dir='ltr'><strong>longa</strong></span> <span class='ocrx_word' id='word_1_65' title='bbox 664 952 806 983; x_wconf 72' lang='lat' dir='ltr'><strong>fuerunt</strong></span> <span class='ocrx_word' id='word_1_66' title='bbox 828 950 980 982; x_wconf 87' lang='lat' dir='ltr'><strong>collocu-</strong></span> 
     </span>
     <span class='ocr_line' id='line_1_12' title="bbox 137 1001 980 1041; baseline -0.007 -2"><span class='ocrx_word' id='word_1_67' title='bbox 137 1009 249 1041; x_wconf 87' lang='lat' dir='ltr'><strong>cione.</strong></span> <span class='ocrx_word' id='word_1_68' title='bbox 295 1007 432 1039; x_wconf 84' lang='lat' dir='ltr'><strong>Deinde</strong></span> <span class='ocrx_word' id='word_1_69' title='bbox 454 1006 497 1038; x_wconf 92' lang='lat' dir='ltr'><strong>ab</strong></span> <span class='ocrx_word' id='word_1_70' title='bbox 526 1006 608 1038; x_wconf 91' lang='lat' dir='ltr'><strong>inde</strong></span> <span class='ocrx_word' id='word_1_71' title='bbox 640 1005 838 1040; x_wconf 83' lang='lat' dir='ltr'><strong>discedens,</strong></span> <span class='ocrx_word' id='word_1_72' title='bbox 872 1001 980 1034; x_wconf 83' lang='lat' dir='ltr'><strong>cardi—</strong></span> 
     </span>
     <span class='ocr_line' id='line_1_13' title="bbox 137 1059 762 1102; baseline -0.006 -10"><span class='ocrx_word' id='word_1_73' title='bbox 137 1060 225 1092; x_wconf 81' lang='lat' dir='ltr'><strong>nalis</strong></span> <span class='ocrx_word' id='word_1_74' title='bbox 246 1061 321 1102; x_wconf 89' lang='lat' dir='ltr'><strong>ipse</strong></span> <span class='ocrx_word' id='word_1_75' title='bbox 339 1061 476 1093; x_wconf 91' lang='lat' dir='ltr'><strong>domum</strong></span> <span class='ocrx_word' id='word_1_76' title='bbox 500 1059 679 1101; x_wconf 83' lang='lat' dir='ltr'><strong>profectus</strong></span> <span class='ocrx_word' id='word_1_77' title='bbox 702 1063 762 1090; x_wconf 82' lang='lat' dir='ltr'><strong>est.</strong></span> 
     </span>
    </p>
   </div>
   <div class='ocr_carea' id='block_1_3' title="bbox 140 1375 992 2103">
    <p class='ocr_par' dir='ltr' id='par_1_3' title="bbox 140 1375 992 2103">
     <span class='ocr_line' id='line_1_14' title="bbox 228 1375 986 1417; baseline -0.008 -6"><span class='ocrx_word' id='word_1_78' title='bbox 228 1377 302 1412; x_wconf 87' lang='lat'><strong>275.</strong></span> <span class='ocrx_word' id='word_1_79' title='bbox 326 1396 370 1401; x_wconf 94' lang='lat'><strong>—-</strong></span> <span class='ocrx_word' id='word_1_80' title='bbox 390 1377 455 1409; x_wconf 89' lang='lat' dir='ltr'><strong>Die</strong></span> <span class='ocrx_word' id='word_1_81' title='bbox 479 1383 593 1408; x_wconf 89' lang='lat' dir='ltr'><strong>autem</strong></span> <span class='ocrx_word' id='word_1_82' title='bbox 616 1375 773 1417; x_wconf 84' lang='lat' dir='ltr'><strong>sequenti</strong></span> <span class='ocrx_word' id='word_1_83' title='bbox 805 1375 986 1416; x_wconf 87' lang='lat' dir='ltr'><strong>predictus</strong></span> 
     </span>
     <span class='ocr_line' id='line_1_15' title="bbox 140 1429 984 1475; baseline -0.009 -10"><span class='ocrx_word' id='word_1_84' title='bbox 140 1433 214 1475; x_wconf 84' lang='lat' dir='ltr'><strong>ipse</strong></span> <span class='ocrx_word' id='word_1_85' title='bbox 238 1432 396 1466; x_wconf 89' lang='lat' dir='ltr'><strong>dominus</strong></span> <span class='ocrx_word' id='word_1_86' title='bbox 419 1431 454 1461; x_wconf 90' lang='lat' dir='ltr'><strong>in</strong></span> <span class='ocrx_word' id='word_1_87' title='bbox 478 1430 624 1471; x_wconf 87' lang='lat' dir='ltr'><strong>prandio</strong></span> <span class='ocrx_word' id='word_1_88' title='bbox 642 1429 707 1460; x_wconf 75' lang='lat' dir='ltr'><strong>fuit</strong></span> <span class='ocrx_word' id='word_1_89' title='bbox 724 1439 801 1459; x_wconf 80' lang='lat' dir='ltr'><strong>cum</strong></span> <span class='ocrx_word' id='word_1_90' title='bbox 817 1429 892 1469; x_wconf 86' lang='lat' dir='ltr'><strong>ipso</strong></span> <span class='ocrx_word' id='word_1_91' title='bbox 911 1437 984 1458; x_wconf 85' lang='lat' dir='ltr'><strong>car-</strong></span> 
     </span>
     <span class='ocr_line' id='line_1_16' title="bbox 142 1481 986 1526; baseline -0.007 -9"><span class='ocrx_word' id='word_1_92' title='bbox 142 1485 259 1523; x_wconf 84' lang='lat' dir='ltr'><strong>dinali,</strong></span> <span class='ocrx_word' id='word_1_93' title='bbox 284 1495 385 1526; x_wconf 90' lang='lat' dir='ltr'><strong>quem</strong></span> <span class='ocrx_word' id='word_1_94' title='bbox 411 1495 489 1515; x_wconf 88' lang='lat' dir='ltr'><strong>cum</strong></span> <span class='ocrx_word' id='word_1_95' title='bbox 514 1483 586 1515; x_wconf 90' lang='lat' dir='ltr'><strong>eius</strong></span> <span class='ocrx_word' id='word_1_96' title='bbox 609 1482 770 1514; x_wconf 75' lang='lat' dir='ltr'>comitiva</span> <span class='ocrx_word' id='word_1_97' title='bbox 795 1481 986 1512; x_wconf 85' lang='lat' dir='ltr'><strong>honorifice</strong></span> 
     </span>
     <span class='ocr_line' id='line_1_17' title="bbox 142 1535 987 1581; baseline -0.006 -11"><span class='ocrx_word' id='word_1_98' title='bbox 142 1537 377 1581; x_wconf 85' lang='lat' dir='ltr'><strong>pertractavit.</strong></span> <span class='ocrx_word' id='word_1_99' title='bbox 424 1536 501 1568; x_wconf 77' lang='lat' dir='ltr'><strong>Alia</strong></span> <span class='ocrx_word' id='word_1_100' title='bbox 526 1546 608 1567; x_wconf 89' lang='lat' dir='ltr'><strong>vero</strong></span> <span class='ocrx_word' id='word_1_101' title='bbox 632 1535 700 1572; x_wconf 89' lang='lat' dir='ltr'><strong>die,</strong></span> <span class='ocrx_word' id='word_1_102' title='bbox 716 1535 884 1567; x_wconf 87' lang='lat' dir='ltr'><strong>videlicet</strong></span> <span class='ocrx_word' id='word_1_103' title='bbox 900 1545 987 1565; x_wconf 85' lang='lat' dir='ltr'><strong>mar—</strong></span> 
     </span>
     <span class='ocr_line' id='line_1_18' title="bbox 142 1588 986 1633; baseline -0.007 -9"><span class='ocrx_word' id='word_1_104' title='bbox 142 1593 196 1630; x_wconf 85' lang='lat' dir='ltr'><strong>tis,</strong></span> <span class='ocrx_word' id='word_1_105' title='bbox 219 1600 353 1633; x_wconf 87' lang='lat' dir='ltr'><strong>sumpta</strong></span> <span class='ocrx_word' id='word_1_106' title='bbox 379 1591 421 1622; x_wconf 88' lang='lat' dir='ltr'><strong>ab</strong></span> <span class='ocrx_word' id='word_1_107' title='bbox 445 1590 521 1631; x_wconf 91' lang='lat' dir='ltr'><strong>ipso</strong></span> <span class='ocrx_word' id='word_1_108' title='bbox 546 1588 713 1621; x_wconf 79' lang='lat' dir='ltr'><strong>cardinali</strong></span> <span class='ocrx_word' id='word_1_109' title='bbox 731 1588 861 1620; x_wconf 87' lang='lat' dir='ltr'><strong>vicario</strong></span> <span class='ocrx_word' id='word_1_110' title='bbox 878 1588 986 1619; x_wconf 88' lang='lat' dir='ltr'><strong>licen-</strong></span> 
     </span>
     <span class='ocr_line' id='line_1_19' title="bbox 144 1641 987 1683; baseline -0.006 -6"><span class='ocrx_word' id='word_1_111' title='bbox 144 1646 208 1683; x_wconf 87' lang='lat' dir='ltr'><strong>cia,</strong></span> <span class='ocrx_word' id='word_1_112' title='bbox 233 1646 276 1676; x_wconf 92' lang='lat' dir='ltr'><strong>de</strong></span> <span class='ocrx_word' id='word_1_113' title='bbox 290 1643 449 1676; x_wconf 87' lang='lat' dir='ltr'><strong>Bononia</strong></span> <span class='ocrx_word' id='word_1_114' title='bbox 463 1643 660 1679; x_wconf 77' lang='lat' dir='ltr'><strong>discedens,</strong></span> <span class='ocrx_word' id='word_1_115' title='bbox 678 1642 873 1674; x_wconf 84' lang='lat' dir='ltr'><strong>Ferrariam</strong></span> <span class='ocrx_word' id='word_1_116' title='bbox 892 1641 987 1672; x_wconf 87' lang='lat' dir='ltr'><strong>venit</strong></span> 
     </span>
     <span class='ocr_line' id='line_1_20' title="bbox 142 1694 988 1736; baseline -0.006 -6"><span class='ocrx_word' id='word_1_117' title='bbox 142 1704 177 1731; x_wconf 90' lang='lat' dir='ltr'><strong>et</strong></span> <span class='ocrx_word' id='word_1_118' title='bbox 200 1698 243 1730; x_wconf 87' lang='lat' dir='ltr'><strong>ab</strong></span> <span class='ocrx_word' id='word_1_119' title='bbox 268 1697 349 1729; x_wconf 88' lang='lat' dir='ltr'><strong>inde</strong></span> <span class='ocrx_word' id='word_1_120' title='bbox 373 1697 500 1729; x_wconf 87' lang='lat' dir='ltr'><strong>itinere</strong></span> <span class='ocrx_word' id='word_1_121' title='bbox 523 1702 619 1727; x_wconf 86' lang='lat' dir='ltr'><strong>recto</strong></span> <span class='ocrx_word' id='word_1_122' title='bbox 637 1694 790 1726; x_wconf 81' lang='lat' dir='ltr'><strong>Paduam</strong></span> <span class='ocrx_word' id='word_1_123' title='bbox 808 1696 988 1736; x_wconf 72' lang='lat' dir='ltr'><strong>profectus</strong></span> 
     </span>
     <span class='ocr_line' id='line_1_21' title="bbox 144 1748 988 1791; baseline -0.007 -7"><span class='ocrx_word' id='word_1_124' title='bbox 144 1758 205 1784; x_wconf 85' lang='lat' dir='ltr'><strong>est.</strong></span> <span class='ocrx_word' id='word_1_125' title='bbox 248 1752 302 1783; x_wconf 86' lang='lat' dir='ltr'><strong>Ex</strong></span> <span class='ocrx_word' id='word_1_126' title='bbox 318 1750 561 1791; x_wconf 83' lang='lat' dir='ltr'><strong>suprascriptis</strong></span> <span class='ocrx_word' id='word_1_127' title='bbox 577 1756 691 1780; x_wconf 80' lang='lat' dir='ltr'><strong>autem</strong></span> <span class='ocrx_word' id='word_1_128' title='bbox 709 1748 848 1790; x_wconf 82' lang='lat' dir='ltr'><strong>collige,</strong></span> <span class='ocrx_word' id='word_1_129' title='bbox 866 1749 988 1784; x_wconf 89' lang='lat' dir='ltr'><strong>lector,</strong></span> 
     </span>
     <span class='ocr_line' id='line_1_22' title="bbox 144 1801 987 1847; baseline -0.005 -11"><span class='ocrx_word' id='word_1_130' title='bbox 144 1805 228 1847; x_wconf 90' lang='lat' dir='ltr'><strong>quid</strong></span> <span class='ocrx_word' id='word_1_131' title='bbox 251 1804 357 1836; x_wconf 85' lang='lat' dir='ltr'><strong>titulis</strong></span> <span class='ocrx_word' id='word_1_132' title='bbox 380 1802 487 1845; x_wconf 88' lang='lat' dir='ltr'><strong>ipsius</strong></span> <span class='ocrx_word' id='word_1_133' title='bbox 510 1802 683 1844; x_wconf 82' lang='lat' dir='ltr'><strong>magnifici</strong></span> <span class='ocrx_word' id='word_1_134' title='bbox 702 1802 830 1833; x_wconf 88' lang='lat' dir='ltr'><strong>domini</strong></span> <span class='ocrx_word' id='word_1_135' title='bbox 848 1801 987 1833; x_wconf 87' lang='lat' dir='ltr'><strong>Franci-</strong></span> 
     </span>
     <span class='ocr_line' id='line_1_23' title="bbox 143 1855 989 1896; baseline -0.005 -7"><span class='ocrx_word' id='word_1_136' title='bbox 143 1857 192 1889; x_wconf 93' lang='lat' dir='ltr'><strong>sci</strong></span> <span class='ocrx_word' id='word_1_137' title='bbox 223 1857 370 1889; x_wconf 87' lang='lat' dir='ltr'><strong>senioris</strong></span> <span class='ocrx_word' id='word_1_138' title='bbox 401 1857 444 1888; x_wconf 85' lang='lat' dir='ltr'><strong>de</strong></span> <span class='ocrx_word' id='word_1_139' title='bbox 477 1856 637 1887; x_wconf 79' lang='lat' dir='ltr'><strong>Carraria</strong></span> <span class='ocrx_word' id='word_1_140' title='bbox 671 1861 782 1896; x_wconf 87' lang='lat' dir='ltr'><strong>potest</strong></span> <span class='ocrx_word' id='word_1_141' title='bbox 817 1855 989 1886; x_wconf 85' lang='lat' dir='ltr'><strong>celebrius</strong></span> 
     </span>
     <span class='ocr_line' id='line_1_24' title="bbox 145 1908 991 1951; baseline -0.005 -9"><span class='ocrx_word' id='word_1_142' title='bbox 145 1911 425 1942; x_wconf 85' lang='lat' dir='ltr'><strong>honorabiliusve</strong></span> <span class='ocrx_word' id='word_1_143' title='bbox 451 1910 544 1946; x_wconf 78' lang='lat' dir='ltr'><strong>addi,</strong></span> <span class='ocrx_word' id='word_1_144' title='bbox 570 1920 671 1951; x_wconf 67' lang='lat' dir='ltr'><strong>quam</strong></span> <span class='ocrx_word' id='word_1_145' title='bbox 696 1908 779 1940; x_wconf 83' lang='lat' dir='ltr'><strong>tanti</strong></span> <span class='ocrx_word' id='word_1_146' title='bbox 805 1908 991 1940; x_wconf 80' lang='lat' dir='ltr'><strong>cardinalis</strong></span> 
     </span>
     <span class='ocr_line' id='line_1_25' title="bbox 145 1962 991 2002; baseline -0.005 -6"><span class='ocrx_word' id='word_1_147' title='bbox 145 1971 215 1996; x_wconf 89' lang='lat' dir='ltr'><strong>tam</strong></span> <span class='ocrx_word' id='word_1_148' title='bbox 253 1964 402 1995; x_wconf 88' lang='lat' dir='ltr'><strong>humana</strong></span> <span class='ocrx_word' id='word_1_149' title='bbox 441 1962 609 1999; x_wconf 87' lang='lat' dir='ltr'><strong>visitacio,</strong></span> <span class='ocrx_word' id='word_1_150' title='bbox 649 1972 786 1993; x_wconf 85' lang='lat' dir='ltr'><strong>necnon</strong></span> <span class='ocrx_word' id='word_1_151' title='bbox 822 1962 991 2002; x_wconf 88' lang='lat' dir='ltr'><strong>presentis</strong></span> 
     </span>
     <span class='ocr_line' id='line_1_26' title="bbox 146 2015 992 2060; baseline -0.006 -10"><span class='ocrx_word' id='word_1_152' title='bbox 146 2024 226 2050; x_wconf 86' lang='lat' dir='ltr'><strong>tunc</strong></span> <span class='ocrx_word' id='word_1_153' title='bbox 251 2018 325 2049; x_wconf 89' lang='lat' dir='ltr'><strong>heri</strong></span> <span class='ocrx_word' id='word_1_154' title='bbox 353 2016 456 2060; x_wconf 62' lang='lat' dir='ltr'><strong>longa</strong></span> <span class='ocrx_word' id='word_1_155' title='bbox 487 2015 523 2047; x_wconf 90' lang='lat' dir='ltr'><strong>in</strong></span> <span class='ocrx_word' id='word_1_156' title='bbox 555 2016 662 2057; x_wconf 84' lang='lat' dir='ltr'><strong>ipsius</strong></span> <span class='ocrx_word' id='word_1_157' title='bbox 694 2016 759 2047; x_wconf 90' lang='lat' dir='ltr'><strong>ede</strong></span> <span class='ocrx_word' id='word_1_158' title='bbox 792 2015 992 2056; x_wconf 69' lang='lat' dir='ltr'><strong>expectatio</strong></span> 
     </span>
     <span class='ocr_line' id='line_1_27' title="bbox 145 2070 418 2103; baseline -0.007 0"><span class='ocrx_word' id='word_1_159' title='bbox 145 2082 215 2103; x_wconf 90' lang='lat' dir='ltr'><strong>non</strong></span> <span class='ocrx_word' id='word_1_160' title='bbox 239 2070 418 2103; x_wconf 81' lang='lat' dir='ltr'><strong>fastidital</strong></span> 
     </span>
    </p>
   </div>
   <div class='ocr_carea' id='block_1_4' title="bbox 147 2166 1000 2955">
    <p class='ocr_par' dir='ltr' id='par_1_4' title="bbox 147 2166 1000 2955">
     <span class='ocr_line' id='line_1_28' title="bbox 236 2166 993 2208; baseline -0.004 -8"><span class='ocrx_word' id='word_1_161' title='bbox 236 2169 309 2204; x_wconf 75' lang='lat'><strong>276.</strong></span> <span class='ocrx_word' id='word_1_162' title='bbox 342 2186 385 2191; x_wconf 94' lang='lat'>—</span> <span class='ocrx_word' id='word_1_163' title='bbox 413 2168 592 2204; x_wconf 83' lang='lat' dir='ltr'><strong>Tractato,</strong></span> <span class='ocrx_word' id='word_1_164' title='bbox 624 2173 661 2198; x_wconf 88' lang='lat' dir='ltr'><strong>ut</strong></span> <span class='ocrx_word' id='word_1_165' title='bbox 692 2166 894 2208; x_wconf 86' lang='lat' dir='ltr'><strong>premissum</strong></span> <span class='ocrx_word' id='word_1_166' title='bbox 931 2172 993 2206; x_wconf 82' lang='lat' dir='ltr'><strong>est,</strong></span> 
     </span>
     <span class='ocr_line' id='line_1_29' title="bbox 147 2219 994 2263; baseline -0.002 -9"><span class='ocrx_word' id='word_1_167' title='bbox 147 2221 192 2254; x_wconf 91' lang='lat' dir='ltr'><strong>ad</strong></span> <span class='ocrx_word' id='word_1_168' title='bbox 216 2227 330 2263; x_wconf 87' lang='lat' dir='ltr'><strong>partes</strong></span> <span class='ocrx_word' id='word_1_169' title='bbox 355 2221 450 2253; x_wconf 86' lang='lat' dir='ltr'><strong>Italie</strong></span> <span class='ocrx_word' id='word_1_170' title='bbox 476 2220 596 2252; x_wconf 84' lang='lat' dir='ltr'><strong>summi</strong></span> <span class='ocrx_word' id='word_1_171' title='bbox 627 2219 801 2261; x_wconf 84' lang='lat' dir='ltr'><strong>pontificis</strong></span> <span class='ocrx_word' id='word_1_172' title='bbox 831 2226 864 2250; x_wconf 88' lang='lat' dir='ltr'><strong>et</strong></span> <span class='ocrx_word' id='word_1_173' title='bbox 887 2220 994 2261; x_wconf 89' lang='lat' dir='ltr'><strong>impe-</strong></span> 
     </span>
     <span class='ocr_line' id='line_1_30' title="bbox 148 2273 993 2315; baseline -0.004 -8"><span class='ocrx_word' id='word_1_174' title='bbox 148 2275 272 2307; x_wconf 81' lang='lat' dir='ltr'><strong>ratoris</strong></span> <span class='ocrx_word' id='word_1_175' title='bbox 295 2275 457 2313; x_wconf 73' lang='lat' dir='ltr'><strong>adventu,</strong></span> <span class='ocrx_word' id='word_1_176' title='bbox 480 2274 668 2315; x_wconf 82' lang='lat' dir='ltr'><strong>imperator</strong></span> <span class='ocrx_word' id='word_1_177' title='bbox 692 2273 764 2314; x_wconf 90' lang='lat' dir='ltr'><strong>ipse</strong></span> <span class='ocrx_word' id='word_1_178' title='bbox 797 2284 901 2314; x_wconf 88' lang='lat' dir='ltr'><strong>super</strong></span> <span class='ocrx_word' id='word_1_179' title='bbox 935 2274 993 2304; x_wconf 86' lang='lat' dir='ltr'><strong>ha-</strong></span> 
     </span>
     <span class='ocr_line' id='line_1_31' title="bbox 147 2327 992 2369; baseline -0.006 -8"><span class='ocrx_word' id='word_1_180' title='bbox 147 2329 261 2361; x_wconf 87' lang='lat' dir='ltr'><strong>bendo</strong></span> <span class='ocrx_word' id='word_1_181' title='bbox 284 2339 389 2369; x_wconf 87' lang='lat' dir='ltr'><strong>super</strong></span> <span class='ocrx_word' id='word_1_182' title='bbox 412 2328 478 2359; x_wconf 89' lang='lat' dir='ltr'><strong>hoc</strong></span> <span class='ocrx_word' id='word_1_183' title='bbox 503 2327 677 2368; x_wconf 89' lang='lat' dir='ltr'><strong>colloquio</strong></span> <span class='ocrx_word' id='word_1_184' title='bbox 695 2327 866 2358; x_wconf 79' lang='lat' dir='ltr'><strong>electores</strong></span> <span class='ocrx_word' id='word_1_185' title='bbox 883 2327 992 2368; x_wconf 87' lang='lat' dir='ltr'><strong>impe-</strong></span> 
     </span>
     <span class='ocr_line' id='line_1_32' title="bbox 148 2380 996 2423; baseline -0.004 -10"><span class='ocrx_word' id='word_1_186' title='bbox 148 2382 191 2413; x_wconf 87' lang='lat' dir='ltr'><strong>rii</strong></span> <span class='ocrx_word' id='word_1_187' title='bbox 217 2382 458 2423; x_wconf 88' lang='lat' dir='ltr'><strong>principesque</strong></span> <span class='ocrx_word' id='word_1_188' title='bbox 483 2387 516 2412; x_wconf 91' lang='lat' dir='ltr'><strong>et</strong></span> <span class='ocrx_word' id='word_1_189' title='bbox 539 2380 687 2411; x_wconf 84' lang='lat' dir='ltr'><strong>barones</strong></span> <span class='ocrx_word' id='word_1_190' title='bbox 710 2380 798 2410; x_wconf 83' lang='lat' dir='ltr'><strong>alios</strong></span> <span class='ocrx_word' id='word_1_191' title='bbox 814 2380 996 2411; x_wconf 79' lang='lat' dir='ltr'><strong>Alemanie</strong></span> 
     </span>
     <span class='ocr_line' id='line_1_33' title="bbox 149 2433 994 2467; baseline -0.002 -1"><span class='ocrx_word' id='word_1_192' title='bbox 149 2436 283 2467; x_wconf 77' lang='lat' dir='ltr'><strong>futuros</strong></span> <span class='ocrx_word' id='word_1_193' title='bbox 307 2436 351 2466; x_wconf 87' lang='lat' dir='ltr'><strong>ad</strong></span> <span class='ocrx_word' id='word_1_194' title='bbox 375 2435 488 2467; x_wconf 92' lang='lat' dir='ltr'><strong>locum</strong></span> <span class='ocrx_word' id='word_1_195' title='bbox 506 2433 795 2465; x_wconf 72' lang='lat' dir='ltr'><strong>Frimbrinfurdie</strong></span> <span class='ocrx_word' id='word_1_196' title='bbox 814 2440 910 2464; x_wconf 84' lang='lat' dir='ltr'><strong>certa</strong></span> <span class='ocrx_word' id='word_1_197' title='bbox 928 2439 994 2464; x_wconf 83' lang='lat' dir='ltr'><strong>sta-</strong></span> 
     </span>
     <span class='ocr_line' id='line_1_34' title="bbox 149 2486 997 2523; baseline -0.002 -3"><span class='ocrx_word' id='word_1_198' title='bbox 149 2494 222 2520; x_wconf 87' lang='lat' dir='ltr'><strong>tuta</strong></span> <span class='ocrx_word' id='word_1_199' title='bbox 244 2487 301 2519; x_wconf 90' lang='lat' dir='ltr'><strong>die</strong></span> <span class='ocrx_word' id='word_1_200' title='bbox 326 2488 393 2519; x_wconf 84' lang='lat' dir='ltr'><strong>suis</strong></span> <span class='ocrx_word' id='word_1_201' title='bbox 417 2487 551 2519; x_wconf 86' lang='lat' dir='ltr'><strong>nunciis</strong></span> <span class='ocrx_word' id='word_1_202' title='bbox 569 2486 786 2523; x_wconf 89' lang='lat' dir='ltr'><strong>convocavit,</strong></span> <span class='ocrx_word' id='word_1_203' title='bbox 805 2486 860 2518; x_wconf 86' lang='lat' dir='ltr'><strong>die</strong></span> <span class='ocrx_word' id='word_1_204' title='bbox 884 2487 997 2518; x_wconf 86' lang='lat' dir='ltr'><strong>silicet</strong></span> 
     </span>
     <span class='ocr_line' id='line_1_35' title="bbox 151 2539 995 2582; baseline -0.002 -10"><span class='ocrx_word' id='word_1_205' title='bbox 151 2542 312 2572; x_wconf 87' lang='lat' dir='ltr'><strong>mercurii</strong></span> <span class='ocrx_word' id='word_1_206' title='bbox 351 2540 505 2582; x_wconf 83' lang='lat' dir='ltr'><strong>proxime</strong></span> <span class='ocrx_word' id='word_1_207' title='bbox 543 2539 700 2581; x_wconf 78' lang='lat' dir='ltr'><strong>sequenti</strong></span> <span class='ocrx_word' id='word_1_208' title='bbox 751 2546 827 2580; x_wconf 89' lang='lat' dir='ltr'><strong>post</strong></span> <span class='ocrx_word' id='word_1_209' title='bbox 871 2541 995 2571; x_wconf 80' lang='lat' dir='ltr'><strong>festum</strong></span> 
     </span>
     <span class='ocr_line' id='line_1_36' title="bbox 150 2593 995 2636; baseline -0.001 -11"><span class='ocrx_word' id='word_1_210' title='bbox 150 2594 251 2626; x_wconf 86' lang='lat' dir='ltr'><strong>beate</strong></span> <span class='ocrx_word' id='word_1_211' title='bbox 275 2594 431 2636; x_wconf 85' lang='lat' dir='ltr'><strong>Virginis</strong></span> <span class='ocrx_word' id='word_1_212' title='bbox 456 2594 499 2626; x_wconf 89' lang='lat' dir='ltr'><strong>de</strong></span> <span class='ocrx_word' id='word_1_213' title='bbox 533 2603 647 2624; x_wconf 88' lang='lat' dir='ltr'><strong>mense</strong></span> <span class='ocrx_word' id='word_1_214' title='bbox 675 2593 893 2634; x_wconf 85' lang='lat' dir='ltr'><strong>septembris,</strong></span> <span class='ocrx_word' id='word_1_215' title='bbox 918 2594 995 2624; x_wconf 89' lang='lat' dir='ltr'><strong>mis-</strong></span> 
     </span>
     <span class='ocr_line' id='line_1_37' title="bbox 152 2646 999 2684; baseline -0.002 -5"><span class='ocrx_word' id='word_1_216' title='bbox 152 2659 264 2679; x_wconf 90' lang='lat' dir='ltr'><strong>sarum</strong></span> <span class='ocrx_word' id='word_1_217' title='bbox 281 2647 494 2679; x_wconf 89' lang='lat' dir='ltr'><strong>sollennibus</strong></span> <span class='ocrx_word' id='word_1_218' title='bbox 511 2646 703 2678; x_wconf 86' lang='lat' dir='ltr'><strong>celebratis.</strong></span> <span class='ocrx_word' id='word_1_219' title='bbox 743 2646 824 2684; x_wconf 83' lang='lat' dir='ltr'><strong>Quo</strong></span> <span class='ocrx_word' id='word_1_220' title='bbox 842 2647 999 2678; x_wconf 87' lang='lat' dir='ltr'><strong>electori-</strong></span> 
     </span>
     <span class='ocr_line' id='line_1_38' title="bbox 155 2700 999 2743; baseline -0.002 -11"><span class='ocrx_word' id='word_1_221' title='bbox 155 2701 216 2733; x_wconf 89' lang='lat' dir='ltr'><strong>bus</strong></span> <span class='ocrx_word' id='word_1_222' title='bbox 238 2701 323 2743; x_wconf 89' lang='lat' dir='ltr'><strong>ipsis</strong></span> <span class='ocrx_word' id='word_1_223' title='bbox 346 2701 528 2743; x_wconf 87' lang='lat' dir='ltr'><strong>multisque</strong></span> <span class='ocrx_word' id='word_1_224' title='bbox 556 2700 633 2731; x_wconf 82' lang='lat' dir='ltr'><strong>aliis</strong></span> <span class='ocrx_word' id='word_1_225' title='bbox 656 2700 870 2741; x_wconf 84' lang='lat' dir='ltr'><strong>principibus</strong></span> <span class='ocrx_word' id='word_1_226' title='bbox 888 2706 920 2731; x_wconf 85' lang='lat' dir='ltr'><strong>et</strong></span> <span class='ocrx_word' id='word_1_227' title='bbox 941 2700 999 2731; x_wconf 85' lang='lat' dir='ltr'><strong>ba-</strong></span> 
     </span>
     <span class='ocr_line' id='line_1_39' title="bbox 155 2753 1000 2791; baseline 0 -6"><span class='ocrx_word' id='word_1_228' title='bbox 155 2754 307 2791; x_wconf 81' lang='lat' dir='ltr'><strong>ronibus,</strong></span> <span class='ocrx_word' id='word_1_229' title='bbox 343 2764 480 2785; x_wconf 87' lang='lat' dir='ltr'><strong>necnon</strong></span> <span class='ocrx_word' id='word_1_230' title='bbox 518 2753 697 2785; x_wconf 88' lang='lat' dir='ltr'><strong>civitatum</strong></span> <span class='ocrx_word' id='word_1_231' title='bbox 735 2754 884 2785; x_wconf 89' lang='lat' dir='ltr'><strong>omnium</strong></span> <span class='ocrx_word' id='word_1_232' title='bbox 919 2754 1000 2785; x_wconf 84' lang='lat' dir='ltr'><strong>Ale-</strong></span> 
     </span>
     <span class='ocr_line' id='line_1_40' title="bbox 156 2806 999 2848; baseline 0 -10"><span class='ocrx_word' id='word_1_233' title='bbox 156 2817 348 2838; x_wconf 86' lang='lat' dir='ltr'><strong>manearum</strong></span> <span class='ocrx_word' id='word_1_234' title='bbox 379 2807 513 2848; x_wconf 88' lang='lat' dir='ltr'><strong>imperii</strong></span> <span class='ocrx_word' id='word_1_235' title='bbox 539 2806 754 2848; x_wconf 83' lang='lat' dir='ltr'><strong>superventis</strong></span> <span class='ocrx_word' id='word_1_236' title='bbox 779 2807 913 2838; x_wconf 83' lang='lat' dir='ltr'><strong>nunciis</strong></span> <span class='ocrx_word' id='word_1_237' title='bbox 937 2817 999 2848; x_wconf 86' lang='lat' dir='ltr'><strong>pro</strong></span> 
     </span>
     <span class='ocr_line' id='line_1_41' title="bbox 157 2860 1000 2902; baseline 0.002 -12"><span class='ocrx_word' id='word_1_238' title='bbox 157 2860 276 2891; x_wconf 90' lang='lat' dir='ltr'><strong>ordine</strong></span> <span class='ocrx_word' id='word_1_239' title='bbox 307 2860 477 2900; x_wconf 85' lang='lat' dir='ltr'><strong>capiendo</strong></span> <span class='ocrx_word' id='word_1_240' title='bbox 509 2870 613 2901; x_wconf 89' lang='lat' dir='ltr'><strong>super</strong></span> <span class='ocrx_word' id='word_1_241' title='bbox 647 2860 864 2902; x_wconf 80' lang='lat' dir='ltr'><strong>imperatoris</strong></span> <span class='ocrx_word' id='word_1_242' title='bbox 894 2861 1000 2902; x_wconf 89' lang='lat' dir='ltr'><strong>ipsius</strong></span> 
     </span>
     <span class='ocr_line' id='line_1_42' title="bbox 157 2913 998 2955; baseline 0.001 -11"><span class='ocrx_word' id='word_1_243' title='bbox 157 2914 318 2951; x_wconf 90' lang='lat' dir='ltr'><strong>adventu,</strong></span> <span class='ocrx_word' id='word_1_244' title='bbox 357 2913 494 2955; x_wconf 90' lang='lat' dir='ltr'><strong>quidam</strong></span> <span class='ocrx_word' id='word_1_245' title='bbox 534 2913 716 2954; x_wconf 89' lang='lat' dir='ltr'><strong>episcopus</strong></span> <span class='ocrx_word' id='word_1_246' title='bbox 759 2913 998 2951; x_wconf 84' lang='lat' dir='ltr'><strong>elixbonensis,</strong></span> 
     </span>
    </p>
   </div>
   <div class='ocr_carea' id='block_1_5' title="bbox 169 2988 274 2991">
    <p class='ocr_par' dir='ltr' id='par_1_5' title="bbox 169 2988 274 2991">
     <span class='ocr_line' id='line_1_43' title="bbox 169 2988 274 2991; baseline 0 0"><span class='ocrx_word' id='word_1_247' title='bbox 169 2988 274 2991; x_wconf 95' lang='lat' dir='ltr'><strong> </strong></span> 
     </span>
    </p>
   </div>
   <div class='ocr_carea' id='block_1_6' title="bbox 284 2988 365 2991">
    <p class='ocr_par' dir='ltr' id='par_1_6' title="bbox 284 2988 365 2991">
     <span class='ocr_line' id='line_1_44' title="bbox 284 2988 365 2991; baseline 0 0"><span class='ocrx_word' id='word_1_248' title='bbox 284 2988 365 2991; x_wconf 95' lang='lat' dir='ltr'><strong> </strong></span> 
     </span>
    </p>
   </div>
   <div class='ocr_carea' id='block_1_7' title="bbox 250 3031 524 3061">
    <p class='ocr_par' dir='ltr' id='par_1_7' title="bbox 250 3031 524 3061">
     <span class='ocr_line' id='line_1_45' title="bbox 250 3031 524 3061; baseline 0 -7"><span class='ocrx_word' id='word_1_249' title='bbox 250 3031 292 3055; x_wconf 79' lang='lat'><strong>28.</strong></span> <span class='ocrx_word' id='word_1_250' title='bbox 311 3033 464 3061; x_wconf 80' lang='lat' dir='ltr'><strong>quantitati</strong></span> <span class='ocrx_word' id='word_1_251' title='bbox 491 3032 524 3054; x_wconf 79' lang='lat' dir='ltr'><strong>‚ll</strong></span> 
     </span>
    </p>
   </div>
   <div class='ocr_carea' id='block_1_8' title="bbox 486 266 1620 309">
    <p class='ocr_par' dir='ltr' id='par_1_8' title="bbox 486 266 1620 309">
     <span class='ocr_line' id='line_1_46' title="bbox 486 266 1620 309; baseline -0.008 0"><span class='ocrx_word' id='word_1_252' title='bbox 486 273 655 309; x_wconf 75' lang='lat' dir='ltr'>GESTA</span> <span class='ocrx_word' id='word_1_253' title='bbox 686 271 986 307; x_wconf 76' lang='lat' dir='ltr'><strong>MAGNIFICA</strong></span> <span class='ocrx_word' id='word_1_254' title='bbox 1016 269 1201 305; x_wconf 86' lang='lat' dir='ltr'><strong>DOMUS</strong></span> <span class='ocrx_word' id='word_1_255' title='bbox 1232 266 1620 303; x_wconf 64' lang='lat' dir='ltr'>CARRARIENSIS</span> 
     </span>
    </p>
   </div>
   <div class='ocr_carea' id='block_1_9' title="bbox 1048 897 1085 926">
    <p class='ocr_par' dir='ltr' id='par_1_9' title="bbox 1048 897 1085 926">
     <span class='ocr_line' id='line_1_47' title="bbox 1048 897 1085 926; baseline -0.027 0"><span class='ocrx_word' id='word_1_256' title='bbox 1048 897 1085 926; x_wconf 82' lang='lat'><strong>10</strong></span> 
     </span>
    </p>
   </div>
   <div class='ocr_carea' id='block_1_10' title="bbox 1051 1160 1088 1192">
    <p class='ocr_par' dir='ltr' id='par_1_10' title="bbox 1051 1160 1088 1192">
     <span class='ocr_line' id='line_1_48' title="bbox 1051 1160 1088 1192; baseline -0.027 0"><span class='ocrx_word' id='word_1_257' title='bbox 1051 1160 1088 1192; x_wconf 85' lang='lat'><strong>15</strong></span> 
     </span>
    </p>
   </div>
   <div class='ocr_carea' id='block_1_11' title="bbox 1051 1482 1091 1512">
    <p class='ocr_par' dir='ltr' id='par_1_11' title="bbox 1051 1482 1091 1512">
     <span class='ocr_line' id='line_1_49' title="bbox 1051 1482 1091 1512; baseline -0.05 0"><span class='ocrx_word' id='word_1_258' title='bbox 1051 1482 1091 1512; x_wconf 87' lang='lat'><strong>20</strong></span> 
     </span>
    </p>
   </div>
   <div class='ocr_carea' id='block_1_12' title="bbox 1054 1745 1094 1777">
    <p class='ocr_par' dir='ltr' id='par_1_12' title="bbox 1054 1745 1094 1777">
     <span class='ocr_line' id='line_1_50' title="bbox 1054 1745 1094 1777; baseline 0 0"><span class='ocrx_word' id='word_1_259' title='bbox 1054 1745 1094 1777; x_wconf 85' lang='lat'><strong>25</strong></span> 
     </span>
    </p>
   </div>
   <div class='ocr_carea' id='block_1_13' title="bbox 1102 408 1121 1832">
    <p class='ocr_par' dir='ltr' id='par_1_13' title="bbox 1102 408 1121 1832">
     <span class='ocr_line' id='line_1_51' title="bbox 1102 408 1121 1832; baseline 0 0"><span class='ocrx_word' id='word_1_260' title='bbox 1102 408 1121 1832; x_wconf 95' lang='lat' dir='ltr'><strong> </strong></span> 
     </span>
    </p>
   </div>
   <div class='ocr_carea' id='block_1_14' title="bbox 1058 2012 1099 2042">
    <p class='ocr_par' dir='ltr' id='par_1_14' title="bbox 1058 2012 1099 2042">
     <span class='ocr_line' id='line_1_52' title="bbox 1058 2012 1099 2042; baseline 0 0"><span class='ocrx_word' id='word_1_261' title='bbox 1058 2012 1099 2042; x_wconf 80' lang='lat'><strong>30</strong></span> 
     </span>
    </p>
   </div>
   <div class='ocr_carea' id='block_1_15' title="bbox 1064 2599 1104 2628">
    <p class='ocr_par' dir='ltr' id='par_1_15' title="bbox 1064 2599 1104 2628">
     <span class='ocr_line' id='line_1_53' title="bbox 1064 2599 1104 2628; baseline -0.025 0"><span class='ocrx_word' id='word_1_262' title='bbox 1064 2599 1104 2628; x_wconf 69' lang='lat'><strong>40</strong></span> 
     </span>
    </p>
   </div>
   <div class='ocr_carea' id='block_1_16' title="bbox 1069 2862 1105 2893">
    <p class='ocr_par' dir='ltr' id='par_1_16' title="bbox 1069 2862 1105 2893">
     <span class='ocr_line' id='line_1_54' title="bbox 1069 2862 1105 2893; baseline 0 0"><span class='ocrx_word' id='word_1_263' title='bbox 1069 2862 1105 2893; x_wconf 69' lang='lat'><strong>45</strong></span> 
     </span>
    </p>
   </div>
   <div class='ocr_carea' id='block_1_17' title="bbox 1124 2505 1133 3037">
    <p class='ocr_par' dir='ltr' id='par_1_17' title="bbox 1124 2505 1133 3037">
     <span class='ocr_line' id='line_1_55' title="bbox 1124 2505 1133 3037; baseline 0 0"><span class='ocrx_word' id='word_1_264' title='bbox 1124 2505 1133 3037; x_wconf 95' lang='lat' dir='ltr'><strong> </strong></span> 
     </span>
    </p>
   </div>
   <div class='ocr_carea' id='block_1_18' title="bbox 1899 264 1964 297">
    <p class='ocr_par' dir='ltr' id='par_1_18' title="bbox 1899 264 1964 297">
     <span class='ocr_line' id='line_1_56' title="bbox 1899 264 1964 297; baseline 0 0"><span class='ocrx_word' id='word_1_265' title='bbox 1899 264 1964 297; x_wconf 46' lang='lat'><strong>1111</strong></span> 
     </span>
    </p>
   </div>
   <div class='ocr_carea' id='block_1_19' title="bbox 1459 397 1654 429">
    <p class='ocr_par' dir='ltr' id='par_1_19' title="bbox 1459 397 1654 429">
     <span class='ocr_line' id='line_1_57' title="bbox 1459 397 1654 429; baseline -0.005 0"><span class='ocrx_word' id='word_1_266' title='bbox 1459 397 1598 429; x_wconf 65' lang='lat' dir='ltr'><strong>REnAz.</strong></span> <span class='ocrx_word' id='word_1_267' title='bbox 1622 397 1654 428; x_wconf 93' lang='lat' dir='ltr'><em>D</em></span> 
     </span>
    </p>
   </div>
   <div class='ocr_carea' id='block_1_20' title="bbox 1135 467 1989 1300">
    <p class='ocr_par' dir='ltr' id='par_1_20' title="bbox 1135 467 1989 1300">
     <span class='ocr_line' id='line_1_58' title="bbox 1135 467 1976 510; baseline -0.006 -8"><span class='ocrx_word' id='word_1_268' title='bbox 1135 471 1203 502; x_wconf 87' lang='lat' dir='ltr'><strong>ello</strong></span> <span class='ocrx_word' id='word_1_269' title='bbox 1229 469 1319 501; x_wconf 82' lang='lat' dir='ltr'><strong>ando</strong></span> <span class='ocrx_word' id='word_1_270' title='bbox 1344 479 1406 510; x_wconf 90' lang='lat' dir='ltr'><strong>per</strong></span> <span class='ocrx_word' id='word_1_271' title='bbox 1432 467 1550 499; x_wconf 77' lang='lat' dir='ltr'><strong>visitat</strong></span> <span class='ocrx_word' id='word_1_272' title='bbox 1574 468 1699 499; x_wconf 86' lang='lat' dir='ltr'><strong>mesier</strong></span> <span class='ocrx_word' id='word_1_273' title='bbox 1723 468 1764 499; x_wconf 93' lang='lat' dir='ltr'><strong>de</strong></span> <span class='ocrx_word' id='word_1_274' title='bbox 1791 467 1976 509; x_wconf 80' lang='lat' dir='ltr'><strong>Colognin,</strong></span> 
     </span>
     <span class='ocr_line' id='line_1_59' title="bbox 1136 521 1978 565; baseline -0.004 -11"><span class='ocrx_word' id='word_1_275' title='bbox 1136 525 1191 556; x_wconf 90' lang='lat' dir='ltr'><strong>nel</strong></span> <span class='ocrx_word' id='word_1_276' title='bbox 1216 523 1297 565; x_wconf 86' lang='lat' dir='ltr'><strong>qual</strong></span> <span class='ocrx_word' id='word_1_277' title='bbox 1320 523 1466 554; x_wconf 84' lang='lat' dir='ltr'><strong>instante</strong></span> <span class='ocrx_word' id='word_1_278' title='bbox 1493 521 1524 551; x_wconf 87' lang='lat' dir='ltr'><strong>el</strong></span> <span class='ocrx_word' id='word_1_279' title='bbox 1550 521 1642 551; x_wconf 84' lang='lat' dir='ltr'><strong>dicto</strong></span> <span class='ocrx_word' id='word_1_280' title='bbox 1667 521 1833 552; x_wconf 87' lang='lat' dir='ltr'><strong>cardenal</strong></span> <span class='ocrx_word' id='word_1_281' title='bbox 1851 521 1893 551; x_wconf 86' lang='lat' dir='ltr'><strong>de</strong></span> <span class='ocrx_word' id='word_1_282' title='bbox 1912 521 1978 552; x_wconf 89' lang='lat' dir='ltr'><strong>Co-</strong></span> 
     </span>
     <span class='ocr_line' id='line_1_60' title="bbox 1136 573 1978 619; baseline -0.007 -10"><span class='ocrx_word' id='word_1_283' title='bbox 1136 577 1256 619; x_wconf 86' lang='lat' dir='ltr'><strong>lognin</strong></span> <span class='ocrx_word' id='word_1_284' title='bbox 1274 586 1340 608; x_wconf 89' lang='lat' dir='ltr'><strong>con</strong></span> <span class='ocrx_word' id='word_1_285' title='bbox 1358 575 1495 607; x_wconf 90' lang='lat' dir='ltr'><strong>vescovi</strong></span> <span class='ocrx_word' id='word_1_286' title='bbox 1514 580 1548 605; x_wconf 84' lang='lat' dir='ltr'><strong>et</strong></span> <span class='ocrx_word' id='word_1_287' title='bbox 1564 574 1650 605; x_wconf 80' lang='lat' dir='ltr'><strong>altra</strong></span> <span class='ocrx_word' id='word_1_288' title='bbox 1666 573 1758 605; x_wconf 81' lang='lat' dir='ltr'><strong>bella</strong></span> <span class='ocrx_word' id='word_1_289' title='bbox 1774 574 1978 615; x_wconf 85' lang='lat' dir='ltr'><strong>compagnia</strong></span> 
     </span>
     <span class='ocr_line' id='line_1_61' title="bbox 1138 626 1980 669; baseline -0.006 -7"><span class='ocrx_word' id='word_1_290' title='bbox 1138 642 1196 662; x_wconf 89' lang='lat' dir='ltr'><strong>era</strong></span> <span class='ocrx_word' id='word_1_291' title='bbox 1226 629 1343 661; x_wconf 72' lang='lat' dir='ltr'><strong>monta</strong></span> <span class='ocrx_word' id='word_1_292' title='bbox 1373 640 1394 661; x_wconf 90' lang='lat' dir='ltr'><strong>a</strong></span> <span class='ocrx_word' id='word_1_293' title='bbox 1425 627 1568 660; x_wconf 88' lang='lat' dir='ltr'><strong>cavallo.</strong></span> <span class='ocrx_word' id='word_1_294' title='bbox 1616 627 1658 657; x_wconf 85' lang='lat' dir='ltr'><strong>Et</strong></span> <span class='ocrx_word' id='word_1_295' title='bbox 1689 637 1748 657; x_wconf 81' lang='lat' dir='ltr'><strong>era</strong></span> <span class='ocrx_word' id='word_1_296' title='bbox 1780 628 1886 669; x_wconf 77' lang='lat' dir='ltr'><strong>vignu</strong></span> <span class='ocrx_word' id='word_1_297' title='bbox 1912 626 1980 657; x_wconf 85' lang='lat' dir='ltr'><strong>alla</strong></span> 
     </span>
     <span class='ocr_line' id='line_1_62' title="bbox 1139 680 1981 723; baseline -0.006 -8"><span class='ocrx_word' id='word_1_298' title='bbox 1139 694 1219 716; x_wconf 86' lang='lat' dir='ltr'><strong>casa</strong></span> <span class='ocrx_word' id='word_1_299' title='bbox 1243 683 1301 714; x_wconf 86' lang='lat' dir='ltr'><strong>del</strong></span> <span class='ocrx_word' id='word_1_300' title='bbox 1325 682 1420 713; x_wconf 86' lang='lat' dir='ltr'><strong>dicto</strong></span> <span class='ocrx_word' id='word_1_301' title='bbox 1445 680 1626 723; x_wconf 80' lang='lat' dir='ltr'><strong>magnifico</strong></span> <span class='ocrx_word' id='word_1_302' title='bbox 1651 680 1766 721; x_wconf 83' lang='lat' dir='ltr'><strong>signor</strong></span> <span class='ocrx_word' id='word_1_303' title='bbox 1782 690 1844 721; x_wconf 91' lang='lat' dir='ltr'><strong>per</strong></span> <span class='ocrx_word' id='word_1_304' title='bbox 1864 680 1981 711; x_wconf 86' lang='lat' dir='ltr'><strong>visitar</strong></span> 
     </span>
     <span class='ocr_line' id='line_1_63' title="bbox 1140 732 1982 775; baseline -0.006 -7"><span class='ocrx_word' id='word_1_305' title='bbox 1140 737 1197 773; x_wconf 89' lang='lat' dir='ltr'><strong>lui,</strong></span> <span class='ocrx_word' id='word_1_306' title='bbox 1213 742 1247 767; x_wconf 92' lang='lat' dir='ltr'><strong>et</strong></span> <span class='ocrx_word' id='word_1_307' title='bbox 1262 736 1286 767; x_wconf 91' lang='lat' dir='ltr'><strong>li</strong></span> <span class='ocrx_word' id='word_1_308' title='bbox 1310 735 1369 766; x_wconf 82' lang='lat' dir='ltr'><strong>uso</strong></span> <span class='ocrx_word' id='word_1_309' title='bbox 1394 735 1421 765; x_wconf 87' lang='lat' dir='ltr'><strong>si</strong></span> <span class='ocrx_word' id='word_1_310' title='bbox 1447 734 1594 764; x_wconf 89' lang='lat' dir='ltr'><strong>humane</strong></span> <span class='ocrx_word' id='word_1_311' title='bbox 1619 739 1653 764; x_wconf 84' lang='lat' dir='ltr'><strong>et</strong></span> <span class='ocrx_word' id='word_1_312' title='bbox 1677 732 1827 775; x_wconf 79' lang='lat' dir='ltr'><strong>benigne</strong></span> <span class='ocrx_word' id='word_1_313' title='bbox 1852 734 1982 774; x_wconf 84' lang='lat' dir='ltr'><strong>parole,</strong></span> 
     </span>
     <span class='ocr_line' id='line_1_64' title="bbox 1141 786 1982 827; baseline -0.006 -6"><span class='ocrx_word' id='word_1_314' title='bbox 1141 800 1240 822; x_wconf 87' lang='lat' dir='ltr'><strong>como</strong></span> <span class='ocrx_word' id='word_1_315' title='bbox 1256 800 1291 820; x_wconf 88' lang='lat' dir='ltr'><strong>se</strong></span> <span class='ocrx_word' id='word_1_316' title='bbox 1309 788 1377 820; x_wconf 92' lang='lat' dir='ltr'><strong>ello</strong></span> <span class='ocrx_word' id='word_1_317' title='bbox 1395 789 1488 819; x_wconf 73' lang='lat' dir='ltr'><strong>fosse</strong></span> <span class='ocrx_word' id='word_1_318' title='bbox 1505 796 1542 817; x_wconf 89' lang='lat' dir='ltr'><strong>so</strong></span> <span class='ocrx_word' id='word_1_319' title='bbox 1558 792 1713 827; x_wconf 88' lang='lat' dir='ltr'><strong>parente.</strong></span> <span class='ocrx_word' id='word_1_320' title='bbox 1748 786 1806 816; x_wconf 77' lang='lat' dir='ltr'><strong>l’o’</strong></span> <span class='ocrx_word' id='word_1_321' title='bbox 1824 786 1982 817; x_wconf 88' lang='lat' dir='ltr'><strong>desmon-</strong></span> 
     </span>
     <span class='ocr_line' id='line_1_65' title="bbox 1141 839 1982 884; baseline -0.005 -9"><span class='ocrx_word' id='word_1_322' title='bbox 1141 844 1222 875; x_wconf 84' lang='lat' dir='ltr'><strong>tado</strong></span> <span class='ocrx_word' id='word_1_323' title='bbox 1240 854 1259 874; x_wconf 87' lang='lat' dir='ltr'><strong>a</strong></span> <span class='ocrx_word' id='word_1_324' title='bbox 1275 841 1340 883; x_wconf 85' lang='lat' dir='ltr'><strong>pe’,</strong></span> <span class='ocrx_word' id='word_1_325' title='bbox 1358 841 1488 884; x_wconf 80' lang='lat' dir='ltr'><strong>guardo</strong></span> <span class='ocrx_word' id='word_1_326' title='bbox 1505 846 1538 871; x_wconf 88' lang='lat' dir='ltr'><strong>et</strong></span> <span class='ocrx_word' id='word_1_327' title='bbox 1560 839 1688 871; x_wconf 82' lang='lat' dir='ltr'><strong>cercho</strong></span> <span class='ocrx_word' id='word_1_328' title='bbox 1712 839 1743 870; x_wconf 90' lang='lat' dir='ltr'><strong>la</strong></span> <span class='ocrx_word' id='word_1_329' title='bbox 1769 850 1858 877; x_wconf 76' lang='lat' dir='ltr'><strong>casa,</strong></span> <span class='ocrx_word' id='word_1_330' title='bbox 1876 846 1909 871; x_wconf 88' lang='lat' dir='ltr'><strong>et</strong></span> <span class='ocrx_word' id='word_1_331' title='bbox 1925 839 1982 880; x_wconf 78' lang='lat' dir='ltr'><strong>po&#39;</strong></span> 
     </span>
     <span class='ocr_line' id='line_1_66' title="bbox 1142 892 1983 935; baseline -0.005 -8"><span class='ocrx_word' id='word_1_332' title='bbox 1142 896 1209 927; x_wconf 84' lang='lat' dir='ltr'><strong>alla</strong></span> <span class='ocrx_word' id='word_1_333' title='bbox 1230 896 1288 932; x_wconf 87' lang='lat' dir='ltr'><strong>fin,</strong></span> <span class='ocrx_word' id='word_1_334' title='bbox 1312 895 1449 926; x_wconf 87' lang='lat' dir='ltr'><strong>intrado</strong></span> <span class='ocrx_word' id='word_1_335' title='bbox 1474 895 1507 925; x_wconf 92' lang='lat' dir='ltr'><strong>in</strong></span> <span class='ocrx_word' id='word_1_336' title='bbox 1533 903 1680 931; x_wconf 82' lang='lat' dir='ltr'><strong>camera,</strong></span> <span class='ocrx_word' id='word_1_337' title='bbox 1704 903 1739 923; x_wconf 89' lang='lat' dir='ltr'><strong>se</strong></span> <span class='ocrx_word' id='word_1_338' title='bbox 1763 893 1859 924; x_wconf 83' lang='lat' dir='ltr'><strong>sento</strong></span> <span class='ocrx_word' id='word_1_339' title='bbox 1882 892 1983 935; x_wconf 70' lang='lat' dir='ltr'><strong>nanci</strong></span> 
     </span>
     <span class='ocr_line' id='line_1_67' title="bbox 1142 946 1984 989; baseline -0.005 -8"><span class='ocrx_word' id='word_1_340' title='bbox 1142 951 1175 981; x_wconf 93' lang='lat' dir='ltr'><strong>al</strong></span> <span class='ocrx_word' id='word_1_341' title='bbox 1206 950 1299 980; x_wconf 87' lang='lat' dir='ltr'><strong>lecto</strong></span> <span class='ocrx_word' id='word_1_342' title='bbox 1330 948 1387 980; x_wconf 88' lang='lat' dir='ltr'><strong>del</strong></span> <span class='ocrx_word' id='word_1_343' title='bbox 1418 948 1512 978; x_wconf 89' lang='lat' dir='ltr'><strong>dicto</strong></span> <span class='ocrx_word' id='word_1_344' title='bbox 1544 947 1733 989; x_wconf 78' lang='lat' dir='ltr'><strong>magnifico</strong></span> <span class='ocrx_word' id='word_1_345' title='bbox 1760 946 1887 988; x_wconf 87' lang='lat' dir='ltr'><strong>signor.</strong></span> <span class='ocrx_word' id='word_1_346' title='bbox 1932 946 1984 977; x_wconf 86' lang='lat' dir='ltr'><strong>La</strong></span> 
     </span>
     <span class='ocr_line' id='line_1_68' title="bbox 1143 1000 1984 1044; baseline -0.002 -11"><span class='ocrx_word' id='word_1_347' title='bbox 1143 1002 1223 1044; x_wconf 89' lang='lat' dir='ltr'><strong>qual</strong></span> <span class='ocrx_word' id='word_1_348' title='bbox 1248 1012 1329 1034; x_wconf 88' lang='lat' dir='ltr'><strong>cosa</strong></span> <span class='ocrx_word' id='word_1_349' title='bbox 1352 1001 1448 1032; x_wconf 78' lang='lat' dir='ltr'><strong>facta</strong></span> <span class='ocrx_word' id='word_1_350' title='bbox 1477 1011 1577 1031; x_wconf 83' lang='lat' dir='ltr'><strong>saver</strong></span> <span class='ocrx_word' id='word_1_351' title='bbox 1601 1001 1633 1030; x_wconf 88' lang='lat' dir='ltr'><strong>al</strong></span> <span class='ocrx_word' id='word_1_352' title='bbox 1665 1000 1761 1031; x_wconf 91' lang='lat' dir='ltr'><strong>dicto</strong></span> <span class='ocrx_word' id='word_1_353' title='bbox 1792 1000 1984 1042; x_wconf 73' lang='lat' dir='ltr'><strong>magnifico</strong></span> 
     </span>
     <span class='ocr_line' id='line_1_69' title="bbox 1143 1054 1984 1098; baseline -0.001 -11"><span class='ocrx_word' id='word_1_354' title='bbox 1143 1057 1260 1098; x_wconf 88' lang='lat' dir='ltr'><strong>signor</strong></span> <span class='ocrx_word' id='word_1_355' title='bbox 1284 1065 1345 1097; x_wconf 86' lang='lat' dir='ltr'><strong>per</strong></span> <span class='ocrx_word' id='word_1_356' title='bbox 1368 1055 1378 1086; x_wconf 92' lang='lat' dir='ltr'><strong>i</strong></span> <span class='ocrx_word' id='word_1_357' title='bbox 1402 1065 1440 1086; x_wconf 89' lang='lat' dir='ltr'><strong>so</strong></span> <span class='ocrx_word' id='word_1_358' title='bbox 1466 1055 1580 1092; x_wconf 80' lang='lat' dir='ltr'><strong>famei,</strong></span> <span class='ocrx_word' id='word_1_359' title='bbox 1611 1055 1724 1086; x_wconf 87' lang='lat' dir='ltr'><strong>subito</strong></span> <span class='ocrx_word' id='word_1_360' title='bbox 1752 1055 1819 1087; x_wconf 87' lang='lat' dir='ltr'><strong>ello</strong></span> <span class='ocrx_word' id='word_1_361' title='bbox 1845 1054 1984 1086; x_wconf 80' lang='lat' dir='ltr'><strong>retorno</strong></span> 
     </span>
     <span class='ocr_line' id='line_1_70' title="bbox 1144 1108 1986 1150; baseline -0.002 -10"><span class='ocrx_word' id='word_1_362' title='bbox 1144 1120 1164 1140; x_wconf 89' lang='lat' dir='ltr'><strong>a</strong></span> <span class='ocrx_word' id='word_1_363' title='bbox 1188 1119 1279 1146; x_wconf 86' lang='lat' dir='ltr'><strong>casa,</strong></span> <span class='ocrx_word' id='word_1_364' title='bbox 1302 1114 1335 1140; x_wconf 85' lang='lat' dir='ltr'><strong>et</strong></span> <span class='ocrx_word' id='word_1_365' title='bbox 1360 1108 1383 1139; x_wconf 68' lang='lat'><strong>1‘1</strong></span> <span class='ocrx_word' id='word_1_366' title='bbox 1411 1108 1468 1139; x_wconf 90' lang='lat' dir='ltr'><strong>elli</strong></span> <span class='ocrx_word' id='word_1_367' title='bbox 1500 1108 1536 1139; x_wconf 75' lang='lat' dir='ltr'><strong>fo</strong></span> <span class='ocrx_word' id='word_1_368' title='bbox 1561 1108 1595 1139; x_wconf 90' lang='lat' dir='ltr'><strong>in</strong></span> <span class='ocrx_word' id='word_1_369' title='bbox 1624 1108 1728 1150; x_wconf 88' lang='lat' dir='ltr'><strong>longo</strong></span> <span class='ocrx_word' id='word_1_370' title='bbox 1759 1108 1986 1149; x_wconf 85' lang='lat' dir='ltr'><strong>parlamento‚</strong></span> 
     </span>
     <span class='ocr_line' id='line_1_71' title="bbox 1145 1161 1989 1204; baseline -0.004 -10"><span class='ocrx_word' id='word_1_371' title='bbox 1145 1163 1177 1194; x_wconf 90' lang='lat' dir='ltr'><strong>el</strong></span> <span class='ocrx_word' id='word_1_372' title='bbox 1202 1163 1295 1194; x_wconf 90' lang='lat' dir='ltr'><strong>dicto</strong></span> <span class='ocrx_word' id='word_1_373' title='bbox 1320 1161 1475 1193; x_wconf 87' lang='lat' dir='ltr'><strong>cardinal</strong></span> <span class='ocrx_word' id='word_1_374' title='bbox 1499 1171 1518 1192; x_wconf 86' lang='lat' dir='ltr'><strong>e</strong></span> <span class='ocrx_word' id='word_1_375' title='bbox 1543 1161 1564 1192; x_wconf 86' lang='lat' dir='ltr'><strong>’l</strong></span> <span class='ocrx_word' id='word_1_376' title='bbox 1588 1161 1706 1204; x_wconf 86' lang='lat' dir='ltr'><strong>signor</strong></span> <span class='ocrx_word' id='word_1_377' title='bbox 1729 1161 1852 1194; x_wconf 86' lang='lat' dir='ltr'><strong>mesier</strong></span> <span class='ocrx_word' id='word_1_378' title='bbox 1881 1161 1989 1192; x_wconf 87' lang='lat' dir='ltr'><strong>Fran-</strong></span> 
     </span>
     <span class='ocr_line' id='line_1_72' title="bbox 1146 1215 1986 1258; baseline -0.002 -11"><span class='ocrx_word' id='word_1_379' title='bbox 1146 1225 1256 1253; x_wconf 89' lang='lat' dir='ltr'><strong>cesco‚</strong></span> <span class='ocrx_word' id='word_1_380' title='bbox 1287 1221 1322 1246; x_wconf 87' lang='lat' dir='ltr'><strong>et</strong></span> <span class='ocrx_word' id='word_1_381' title='bbox 1352 1215 1441 1247; x_wconf 87' lang='lat' dir='ltr'><strong>stadi</strong></span> <span class='ocrx_word' id='word_1_382' title='bbox 1472 1216 1606 1258; x_wconf 84' lang='lat' dir='ltr'><strong>grande</strong></span> <span class='ocrx_word' id='word_1_383' title='bbox 1636 1215 1720 1246; x_wconf 85' lang='lat' dir='ltr'><strong>hora</strong></span> <span class='ocrx_word' id='word_1_384' title='bbox 1743 1215 1929 1253; x_wconf 84' lang='lat' dir='ltr'><strong>insembre,</strong></span> <span class='ocrx_word' id='word_1_385' title='bbox 1954 1215 1986 1245; x_wconf 88' lang='lat' dir='ltr'><strong>el</strong></span> 
     </span>
     <span class='ocr_line' id='line_1_73' title="bbox 1146 1268 1834 1300; baseline 0 0"><span class='ocrx_word' id='word_1_386' title='bbox 1146 1269 1239 1300; x_wconf 88' lang='lat' dir='ltr'><strong>dicto</strong></span> <span class='ocrx_word' id='word_1_387' title='bbox 1269 1268 1425 1300; x_wconf 89' lang='lat' dir='ltr'><strong>cardinal</strong></span> <span class='ocrx_word' id='word_1_388' title='bbox 1449 1278 1485 1299; x_wconf 83' lang='lat' dir='ltr'><strong>se</strong></span> <span class='ocrx_word' id='word_1_389' title='bbox 1510 1279 1552 1299; x_wconf 89' lang='lat' dir='ltr'><strong>ne</strong></span> <span class='ocrx_word' id='word_1_390' title='bbox 1577 1268 1677 1299; x_wconf 80' lang='lat' dir='ltr'><strong>torno</strong></span> <span class='ocrx_word' id='word_1_391' title='bbox 1700 1279 1720 1299; x_wconf 85' lang='lat' dir='ltr'><strong>a</strong></span> <span class='ocrx_word' id='word_1_392' title='bbox 1745 1278 1834 1300; x_wconf 86' lang='lat' dir='ltr'><strong>casa.</strong></span> 
     </span>
    </p>
   </div>
   <div class='ocr_carea' id='block_1_21' title="bbox 1148 1373 1998 2099">
    <p class='ocr_par' dir='ltr' id='par_1_21' title="bbox 1148 1373 1998 2099">
     <span class='ocr_line' id='line_1_74' title="bbox 1235 1373 1987 1416; baseline -0.001 -10"><span class='ocrx_word' id='word_1_393' title='bbox 1235 1375 1308 1408; x_wconf 79' lang='lat'><strong>275.</strong></span> <span class='ocrx_word' id='word_1_394' title='bbox 1334 1393 1374 1398; x_wconf 87' lang='lat'><strong>-—</strong></span> <span class='ocrx_word' id='word_1_395' title='bbox 1399 1375 1472 1406; x_wconf 81' lang='lat' dir='ltr'><strong>Puo</strong></span> <span class='ocrx_word' id='word_1_396' title='bbox 1498 1374 1609 1406; x_wconf 88' lang='lat' dir='ltr'><strong>l&#39;altro</strong></span> <span class='ocrx_word' id='word_1_397' title='bbox 1635 1373 1680 1412; x_wconf 85' lang='lat' dir='ltr'><strong>di,</strong></span> <span class='ocrx_word' id='word_1_398' title='bbox 1707 1375 1748 1416; x_wconf 77' lang='grc' dir='ltr'><strong>ςὸ</strong></span> <span class='ocrx_word' id='word_1_399' title='bbox 1774 1375 1810 1405; x_wconf 78' lang='lat' dir='ltr'><strong>fo</strong></span> <span class='ocrx_word' id='word_1_400' title='bbox 1829 1375 1860 1406; x_wconf 89' lang='lat' dir='ltr'><strong>el</strong></span> <span class='ocrx_word' id='word_1_401' title='bbox 1876 1374 1987 1413; x_wconf 86' lang='lat' dir='ltr'><strong>marti,</strong></span> 
     </span>
     <span class='ocr_line' id='line_1_75' title="bbox 1148 1428 1990 1470; baseline -0.001 -11"><span class='ocrx_word' id='word_1_402' title='bbox 1148 1428 1180 1459; x_wconf 88' lang='lat' dir='ltr'><strong>el</strong></span> <span class='ocrx_word' id='word_1_403' title='bbox 1204 1429 1364 1470; x_wconf 87' lang='lat' dir='ltr'><strong>predicto</strong></span> <span class='ocrx_word' id='word_1_404' title='bbox 1388 1428 1580 1470; x_wconf 77' lang='lat' dir='ltr'><strong>magnifico</strong></span> <span class='ocrx_word' id='word_1_405' title='bbox 1604 1428 1721 1469; x_wconf 74' lang='lat' dir='ltr'><strong>signos</strong></span> <span class='ocrx_word' id='word_1_406' title='bbox 1737 1428 1823 1459; x_wconf 88' lang='lat' dir='ltr'><strong>tolse</strong></span> <span class='ocrx_word' id='word_1_407' title='bbox 1841 1428 1990 1459; x_wconf 87' lang='lat' dir='ltr'><strong>licencia</strong></span> 
     </span>
     <span class='ocr_line' id='line_1_76' title="bbox 1148 1481 1988 1523; baseline -0.002 -10"><span class='ocrx_word' id='word_1_408' title='bbox 1148 1481 1206 1513; x_wconf 84' lang='lat' dir='ltr'><strong>dal</strong></span> <span class='ocrx_word' id='word_1_409' title='bbox 1222 1482 1316 1513; x_wconf 90' lang='lat' dir='ltr'><strong>dicto</strong></span> <span class='ocrx_word' id='word_1_410' title='bbox 1333 1482 1456 1512; x_wconf 86' lang='lat' dir='ltr'><strong>mesier</strong></span> <span class='ocrx_word' id='word_1_411' title='bbox 1473 1482 1505 1512; x_wconf 93' lang='lat' dir='ltr'><strong>lo</strong></span> <span class='ocrx_word' id='word_1_412' title='bbox 1523 1481 1684 1512; x_wconf 82' lang='lat' dir='ltr'><strong>cardenal</strong></span> <span class='ocrx_word' id='word_1_413' title='bbox 1703 1482 1832 1512; x_wconf 85' lang='lat' dir='ltr'><strong>vicario</strong></span> <span class='ocrx_word' id='word_1_414' title='bbox 1850 1487 1894 1517; x_wconf 87' lang='lat' dir='ltr'><strong>et,</strong></span> <span class='ocrx_word' id='word_1_415' title='bbox 1910 1491 1988 1523; x_wconf 85' lang='lat' dir='ltr'><strong>par-</strong></span> 
     </span>
     <span class='ocr_line' id='line_1_77' title="bbox 1148 1534 1989 1578; baseline -0.001 -12"><span class='ocrx_word' id='word_1_416' title='bbox 1148 1536 1292 1567; x_wconf 88' lang='lat' dir='ltr'><strong>tendose</strong></span> <span class='ocrx_word' id='word_1_417' title='bbox 1309 1535 1353 1567; x_wconf 85' lang='lat' dir='ltr'><strong>cla</strong></span> <span class='ocrx_word' id='word_1_418' title='bbox 1372 1535 1536 1578; x_wconf 82' lang='lat' dir='ltr'><strong>Bologna,</strong></span> <span class='ocrx_word' id='word_1_419' title='bbox 1554 1545 1666 1566; x_wconf 88' lang='lat' dir='ltr'><strong>venne</strong></span> <span class='ocrx_word' id='word_1_420' title='bbox 1692 1545 1711 1566; x_wconf 90' lang='lat' dir='ltr'><strong>a</strong></span> <span class='ocrx_word' id='word_1_421' title='bbox 1732 1535 1878 1566; x_wconf 87' lang='lat' dir='ltr'><strong>Ferrara</strong></span> <span class='ocrx_word' id='word_1_422' title='bbox 1895 1539 1929 1565; x_wconf 86' lang='lat' dir='ltr'><strong>et</strong></span> <span class='ocrx_word' id='word_1_423' title='bbox 1945 1534 1989 1565; x_wconf 87' lang='lat' dir='ltr'><strong>da</strong></span> 
     </span>
     <span class='ocr_line' id='line_1_78' title="bbox 1149 1586 1989 1630; baseline -0.004 -10"><span class='ocrx_word' id='word_1_424' title='bbox 1149 1589 1296 1620; x_wconf 87' lang='lat' dir='ltr'><strong>Ferrara</strong></span> <span class='ocrx_word' id='word_1_425' title='bbox 1319 1589 1377 1630; x_wconf 91' lang='lat' dir='ltr'><strong>poi</strong></span> <span class='ocrx_word' id='word_1_426' title='bbox 1402 1598 1463 1627; x_wconf 85' lang='lat' dir='ltr'><strong>per</strong></span> <span class='ocrx_word' id='word_1_427' title='bbox 1487 1588 1519 1618; x_wconf 92' lang='lat' dir='ltr'><strong>la</strong></span> <span class='ocrx_word' id='word_1_428' title='bbox 1535 1588 1590 1618; x_wconf 89' lang='lat' dir='ltr'><strong>via</strong></span> <span class='ocrx_word' id='word_1_429' title='bbox 1607 1588 1728 1619; x_wconf 87' lang='lat' dir='ltr'><strong>drecta</strong></span> <span class='ocrx_word' id='word_1_430' title='bbox 1746 1597 1856 1618; x_wconf 88' lang='lat' dir='ltr'><strong>venne</strong></span> <span class='ocrx_word' id='word_1_431' title='bbox 1881 1597 1900 1617; x_wconf 92' lang='lat' dir='ltr'><strong>a</strong></span> <span class='ocrx_word' id='word_1_432' title='bbox 1924 1586 1989 1617; x_wconf 88' lang='lat' dir='ltr'><strong>Pa-</strong></span> 
     </span>
     <span class='ocr_line' id='line_1_79' title="bbox 1149 1639 1991 1682; baseline -0.005 -8"><span class='ocrx_word' id='word_1_433' title='bbox 1149 1653 1202 1674; x_wconf 86' lang='lat' dir='ltr'><strong>va.</strong></span> <span class='ocrx_word' id='word_1_434' title='bbox 1238 1642 1305 1674; x_wconf 89' lang='lat' dir='ltr'><strong>Per</strong></span> <span class='ocrx_word' id='word_1_435' title='bbox 1322 1642 1352 1673; x_wconf 93' lang='grc'><strong>16</strong></span> <span class='ocrx_word' id='word_1_436' title='bbox 1370 1651 1450 1673; x_wconf 87' lang='lat' dir='ltr'><strong>cose</strong></span> <span class='ocrx_word' id='word_1_437' title='bbox 1474 1641 1704 1682; x_wconf 82' lang='lat' dir='ltr'><strong>sovrascripte</strong></span> <span class='ocrx_word' id='word_1_438' title='bbox 1729 1639 1991 1681; x_wconf 88' lang='lat' dir='ltr'><strong>comprehendi,</strong></span> 
     </span>
     <span class='ocr_line' id='line_1_80' title="bbox 1149 1692 1991 1735; baseline -0.004 -9"><span class='ocrx_word' id='word_1_439' title='bbox 1149 1695 1272 1733; x_wconf 87' lang='lat' dir='ltr'><strong>lector,</strong></span> <span class='ocrx_word' id='word_1_440' title='bbox 1288 1696 1353 1726; x_wconf 88' lang='lat' dir='ltr'><strong>che</strong></span> <span class='ocrx_word' id='word_1_441' title='bbox 1373 1705 1455 1726; x_wconf 89' lang='lat' dir='ltr'><strong>cosa</strong></span> <span class='ocrx_word' id='word_1_442' title='bbox 1472 1694 1530 1735; x_wconf 77' lang='lat' dir='ltr'><strong>piu</strong></span> <span class='ocrx_word' id='word_1_443' title='bbox 1547 1694 1652 1735; x_wconf 83' lang='lat' dir='ltr'><strong>digna</strong></span> <span class='ocrx_word' id='word_1_444' title='bbox 1669 1703 1688 1724; x_wconf 96' lang='lat' dir='ltr'><strong>o</strong></span> <span class='ocrx_word' id='word_1_445' title='bbox 1706 1693 1764 1734; x_wconf 74' lang='lat' dir='ltr'><strong>piu</strong></span> <span class='ocrx_word' id='word_1_446' title='bbox 1782 1692 1991 1724; x_wconf 87' lang='lat' dir='ltr'><strong>honorevole</strong></span> 
     </span>
     <span class='ocr_line' id='line_1_81' title="bbox 1151 1746 1992 1791; baseline -0.005 -11"><span class='ocrx_word' id='word_1_447' title='bbox 1151 1759 1188 1780; x_wconf 88' lang='lat' dir='ltr'><strong>se</strong></span> <span class='ocrx_word' id='word_1_448' title='bbox 1212 1748 1269 1790; x_wconf 90' lang='lat' dir='ltr'><strong>po’</strong></span> <span class='ocrx_word' id='word_1_449' title='bbox 1292 1759 1441 1791; x_wconf 72' lang='lat' dir='ltr'><strong>aconcer</strong></span> <span class='ocrx_word' id='word_1_450' title='bbox 1464 1747 1530 1778; x_wconf 87' lang='lat' dir='ltr'><strong>alle</strong></span> <span class='ocrx_word' id='word_1_451' title='bbox 1556 1747 1656 1778; x_wconf 92' lang='lat' dir='ltr'><strong>laude</strong></span> <span class='ocrx_word' id='word_1_452' title='bbox 1681 1752 1718 1778; x_wconf 90' lang='lat' dir='ltr'><strong>et</strong></span> <span class='ocrx_word' id='word_1_453' title='bbox 1741 1746 1808 1777; x_wconf 87' lang='lat' dir='ltr'><strong>alla</strong></span> <span class='ocrx_word' id='word_1_454' title='bbox 1825 1747 1919 1777; x_wconf 80' lang='lat' dir='ltr'><strong>fama</strong></span> <span class='ocrx_word' id='word_1_455' title='bbox 1935 1747 1992 1777; x_wconf 87' lang='lat' dir='ltr'><strong>del</strong></span> 
     </span>
     <span class='ocr_line' id='line_1_82' title="bbox 1153 1801 1993 1846; baseline -0.002 -13"><span class='ocrx_word' id='word_1_456' title='bbox 1153 1802 1259 1846; x_wconf 34' lang='lat' dir='ltr'><strong>dicto·</strong></span> <span class='ocrx_word' id='word_1_457' title='bbox 1278 1802 1469 1844; x_wconf 79' lang='lat' dir='ltr'><strong>magnifico</strong></span> <span class='ocrx_word' id='word_1_458' title='bbox 1503 1802 1618 1843; x_wconf 74' lang='lat' dir='ltr'><strong>signos</strong></span> <span class='ocrx_word' id='word_1_459' title='bbox 1642 1801 1768 1832; x_wconf 85' lang='lat' dir='ltr'><strong>mesier</strong></span> <span class='ocrx_word' id='word_1_460' title='bbox 1797 1801 1993 1832; x_wconf 87' lang='lat' dir='ltr'><strong>Francesco</strong></span> 
     </span>
     <span class='ocr_line' id='line_1_83' title="bbox 1153 1854 1995 1887; baseline -0.002 -1"><span class='ocrx_word' id='word_1_461' title='bbox 1153 1855 1198 1886; x_wconf 88' lang='lat' dir='ltr'><strong>da</strong></span> <span class='ocrx_word' id='word_1_462' title='bbox 1221 1855 1368 1887; x_wconf 86' lang='lat' dir='ltr'><strong>Carrara</strong></span> <span class='ocrx_word' id='word_1_463' title='bbox 1391 1855 1458 1886; x_wconf 87' lang='lat' dir='ltr'><strong>cha</strong></span> <span class='ocrx_word' id='word_1_464' title='bbox 1481 1854 1553 1885; x_wconf 82' lang='lat' dir='ltr'><strong>cosi</strong></span> <span class='ocrx_word' id='word_1_465' title='bbox 1577 1855 1724 1885; x_wconf 87' lang='lat' dir='ltr'><strong>humana</strong></span> <span class='ocrx_word' id='word_1_466' title='bbox 1749 1854 1928 1886; x_wconf 85' lang='lat' dir='ltr'><strong>visitacion</strong></span> <span class='ocrx_word' id='word_1_467' title='bbox 1952 1854 1995 1885; x_wconf 87' lang='lat' dir='ltr'><strong>de</strong></span> 
     </span>
     <span class='ocr_line' id='line_1_84' title="bbox 1155 1907 1995 1950; baseline 0 -12"><span class='ocrx_word' id='word_1_468' title='bbox 1155 1907 1226 1939; x_wconf 78' lang='lat' dir='ltr'><strong>cosi</strong></span> <span class='ocrx_word' id='word_1_469' title='bbox 1255 1918 1343 1950; x_wconf 83' lang='lat' dir='ltr'><strong>gran</strong></span> <span class='ocrx_word' id='word_1_470' title='bbox 1374 1907 1562 1944; x_wconf 88' lang='lat' dir='ltr'><strong>cardinale,</strong></span> <span class='ocrx_word' id='word_1_471' title='bbox 1593 1908 1624 1939; x_wconf 88' lang='lat' dir='ltr'><strong>el</strong></span> <span class='ocrx_word' id='word_1_472' title='bbox 1655 1908 1734 1949; x_wconf 91' lang='lat' dir='ltr'><strong>qual</strong></span> <span class='ocrx_word' id='word_1_473' title='bbox 1764 1908 1915 1940; x_wconf 85' lang='lat' dir='ltr'><strong>etiandio</strong></span> <span class='ocrx_word' id='word_1_474' title='bbox 1951 1918 1995 1938; x_wconf 90' lang='lat' dir='ltr'><strong>no</strong></span> 
     </span>
     <span class='ocr_line' id='line_1_85' title="bbox 1154 1960 1998 2003; baseline 0 -12"><span class='ocrx_word' id='word_1_475' title='bbox 1154 1960 1274 1991; x_wconf 89' lang='lat' dir='ltr'><strong>siando</strong></span> <span class='ocrx_word' id='word_1_476' title='bbox 1300 1961 1331 1991; x_wconf 92' lang='lat' dir='ltr'><strong>el</strong></span> <span class='ocrx_word' id='word_1_477' title='bbox 1356 1960 1452 1992; x_wconf 91' lang='lat' dir='ltr'><strong>dicto</strong></span> <span class='ocrx_word' id='word_1_478' title='bbox 1476 1961 1595 2003; x_wconf 81' lang='lat' dir='ltr'><strong>signor</strong></span> <span class='ocrx_word' id='word_1_479' title='bbox 1611 1973 1629 1992; x_wconf 80' lang='lat' dir='ltr'><strong>a</strong></span> <span class='ocrx_word' id='word_1_480' title='bbox 1647 1971 1736 1997; x_wconf 84' lang='lat' dir='ltr'><strong>casa,</strong></span> <span class='ocrx_word' id='word_1_481' title='bbox 1755 1972 1797 1992; x_wconf 91' lang='lat' dir='ltr'><strong>no</strong></span> <span class='ocrx_word' id='word_1_482' title='bbox 1816 1962 1904 1991; x_wconf 84' lang='lat' dir='ltr'><strong>have</strong></span> <span class='ocrx_word' id='word_1_483' title='bbox 1923 1972 1998 1992; x_wconf 89' lang='lat' dir='ltr'><strong>ver-</strong></span> 
     </span>
     <span class='ocr_line' id='line_1_86' title="bbox 1155 2014 1996 2056; baseline 0 -12"><span class='ocrx_word' id='word_1_484' title='bbox 1155 2023 1270 2056; x_wconf 83' lang='lat' dir='ltr'><strong>gogna</strong></span> <span class='ocrx_word' id='word_1_485' title='bbox 1295 2014 1337 2045; x_wconf 90' lang='lat' dir='ltr'><strong>de</strong></span> <span class='ocrx_word' id='word_1_486' title='bbox 1362 2021 1514 2045; x_wconf 88' lang='lat' dir='ltr'><strong>smontar</strong></span> <span class='ocrx_word' id='word_1_487' title='bbox 1538 2014 1562 2045; x_wconf 78' lang='lat' dir='ltr'><strong>li</strong></span> <span class='ocrx_word' id='word_1_488' title='bbox 1587 2021 1620 2045; x_wconf 89' lang='lat' dir='ltr'><strong>et</strong></span> <span class='ocrx_word' id='word_1_489' title='bbox 1644 2014 1826 2055; x_wconf 84' lang='lat' dir='ltr'><strong>spectarlo,</strong></span> <span class='ocrx_word' id='word_1_490' title='bbox 1850 2014 1899 2045; x_wconf 73' lang='lat' dir='ltr'><strong>fin</strong></span> <span class='ocrx_word' id='word_1_491' title='bbox 1931 2015 1996 2045; x_wconf 89' lang='lat' dir='ltr'><strong>che</strong></span> 
     </span>
     <span class='ocr_line' id='line_1_87' title="bbox 1157 2067 1777 2099; baseline 0 -1"><span class='ocrx_word' id='word_1_492' title='bbox 1157 2068 1179 2098; x_wconf 93' lang='lat' dir='ltr'><strong>’l</strong></span> <span class='ocrx_word' id='word_1_493' title='bbox 1202 2075 1356 2098; x_wconf 76' lang='lat' dir='ltr'><strong>toi-nasse</strong></span> <span class='ocrx_word' id='word_1_494' title='bbox 1381 2068 1448 2098; x_wconf 80' lang='lat' dir='ltr'><strong>alla</strong></span> <span class='ocrx_word' id='word_1_495' title='bbox 1478 2068 1572 2098; x_wconf 87' lang='lat' dir='ltr'><strong>dicta</strong></span> <span class='ocrx_word' id='word_1_496' title='bbox 1595 2078 1654 2098; x_wconf 81' lang='lat' dir='ltr'><strong>soa</strong></span> <span class='ocrx_word' id='word_1_497' title='bbox 1679 2067 1777 2099; x_wconf 78' lang='lat' dir='ltr'><strong>casal</strong></span> 
     </span>
    </p>
   </div>
   <div class='ocr_carea' id='block_1_22' title="bbox 1158 2165 2006 2955">
    <p class='ocr_par' dir='ltr' id='par_1_22' title="bbox 1158 2165 2006 2955">
     <span class='ocr_line' id='line_1_88' title="bbox 1244 2165 1998 2207; baseline 0 -10"><span class='ocrx_word' id='word_1_498' title='bbox 1244 2165 1319 2199; x_wconf 71' lang='lat'>276.</span> <span class='ocrx_word' id='word_1_499' title='bbox 1337 2184 1374 2188; x_wconf 89' lang='lat'><strong>——</strong></span> <span class='ocrx_word' id='word_1_500' title='bbox 1396 2165 1526 2197; x_wconf 84' lang='lat' dir='ltr'><strong>Siando</strong></span> <span class='ocrx_word' id='word_1_501' title='bbox 1551 2165 1669 2202; x_wconf 69' lang='lat' dir='ltr'><strong>tracta,</strong></span> <span class='ocrx_word' id='word_1_502' title='bbox 1688 2175 1786 2197; x_wconf 89' lang='lat' dir='ltr'><strong>como</strong></span> <span class='ocrx_word' id='word_1_503' title='bbox 1806 2166 1822 2196; x_wconf 78' lang='lat' dir='ltr'><strong>e</strong></span> <span class='ocrx_word' id='word_1_504' title='bbox 1841 2165 1998 2207; x_wconf 32' lang='lat' dir='ltr'><strong>dictogla</strong></span> 
     </span>
     <span class='ocr_line' id='line_1_89' title="bbox 1158 2219 1999 2261; baseline -0.001 -10"><span class='ocrx_word' id='word_1_505' title='bbox 1158 2220 1310 2261; x_wconf 81' lang='lat' dir='ltr'><strong>vignuda</strong></span> <span class='ocrx_word' id='word_1_506' title='bbox 1334 2220 1376 2251; x_wconf 89' lang='lat' dir='ltr'><strong>de</strong></span> <span class='ocrx_word' id='word_1_507' title='bbox 1402 2219 1525 2250; x_wconf 86' lang='lat' dir='ltr'><strong>mesier</strong></span> <span class='ocrx_word' id='word_1_508' title='bbox 1550 2219 1582 2249; x_wconf 96' lang='lat' dir='ltr'><strong>lo</strong></span> <span class='ocrx_word' id='word_1_509' title='bbox 1606 2229 1696 2259; x_wconf 84' lang='lat' dir='ltr'><strong>papa</strong></span> <span class='ocrx_word' id='word_1_510' title='bbox 1720 2225 1754 2249; x_wconf 91' lang='lat' dir='ltr'><strong>et</strong></span> <span class='ocrx_word' id='word_1_511' title='bbox 1778 2219 1820 2249; x_wconf 91' lang='lat' dir='ltr'><strong>de</strong></span> <span class='ocrx_word' id='word_1_512' title='bbox 1851 2219 1999 2259; x_wconf 89' lang='lat' dir='ltr'><strong>impera-</strong></span> 
     </span>
     <span class='ocr_line' id='line_1_90' title="bbox 1158 2271 2001 2314; baseline -0.001 -10"><span class='ocrx_word' id='word_1_513' title='bbox 1158 2273 1221 2304; x_wconf 89' lang='lat' dir='ltr'><strong>dor</strong></span> <span class='ocrx_word' id='word_1_514' title='bbox 1245 2272 1310 2304; x_wconf 83' lang='lat' dir='ltr'><strong>alle</strong></span> <span class='ocrx_word' id='word_1_515' title='bbox 1335 2280 1433 2314; x_wconf 79' lang='lat' dir='ltr'><strong>parte</strong></span> <span class='ocrx_word' id='word_1_516' title='bbox 1471 2273 1514 2303; x_wconf 84' lang='lat' dir='ltr'><strong>de</strong></span> <span class='ocrx_word' id='word_1_517' title='bbox 1540 2271 1648 2310; x_wconf 80' lang='lat' dir='ltr'><strong>Italia,</strong></span> <span class='ocrx_word' id='word_1_518' title='bbox 1672 2271 1704 2303; x_wconf 89' lang='lat' dir='ltr'><strong>el</strong></span> <span class='ocrx_word' id='word_1_519' title='bbox 1728 2272 1822 2303; x_wconf 78' lang='lat' dir='ltr'><strong>dicto</strong></span> <span class='ocrx_word' id='word_1_520' title='bbox 1854 2273 2001 2314; x_wconf 89' lang='lat' dir='ltr'><strong>impera-</strong></span> 
     </span>
     <span class='ocr_line' id='line_1_91' title="bbox 1158 2324 2000 2366; baseline -0.001 -8"><span class='ocrx_word' id='word_1_521' title='bbox 1158 2327 1223 2358; x_wconf 85' lang='lat' dir='ltr'><strong>dor</strong></span> <span class='ocrx_word' id='word_1_522' title='bbox 1246 2327 1402 2358; x_wconf 84' lang='lat' dir='ltr'><strong>convoco</strong></span> <span class='ocrx_word' id='word_1_523' title='bbox 1428 2336 1488 2366; x_wconf 87' lang='lat' dir='ltr'><strong>per</strong></span> <span class='ocrx_word' id='word_1_524' title='bbox 1511 2335 1548 2357; x_wconf 92' lang='lat' dir='ltr'><strong>so</strong></span> <span class='ocrx_word' id='word_1_525' title='bbox 1572 2325 1673 2356; x_wconf 90' lang='lat' dir='ltr'><strong>messi</strong></span> <span class='ocrx_word' id='word_1_526' title='bbox 1697 2324 1742 2356; x_wconf 88' lang='lat' dir='ltr'><strong>ad</strong></span> <span class='ocrx_word' id='word_1_527' title='bbox 1766 2337 1809 2356; x_wconf 90' lang='lat' dir='ltr'><strong>un</strong></span> <span class='ocrx_word' id='word_1_528' title='bbox 1836 2324 1870 2356; x_wconf 89' lang='lat' dir='ltr'><strong>di</strong></span> <span class='ocrx_word' id='word_1_529' title='bbox 1888 2327 2000 2357; x_wconf 90' lang='lat' dir='ltr'><strong>electo</strong></span> 
     </span>
     <span class='ocr_line' id='line_1_92' title="bbox 1159 2379 1999 2423; baseline 0.006 -14"><span class='ocrx_word' id='word_1_530' title='bbox 1159 2379 1275 2421; x_wconf 80' lang='lat' dir='ltr'><strong>alguni</strong></span> <span class='ocrx_word' id='word_1_531' title='bbox 1299 2379 1449 2420; x_wconf 59' lang='lat' dir='ltr'><strong>principi</strong></span> <span class='ocrx_word' id='word_1_532' title='bbox 1467 2387 1501 2411; x_wconf 83' lang='lat' dir='ltr'><strong>et</strong></span> <span class='ocrx_word' id='word_1_533' title='bbox 1518 2381 1639 2412; x_wconf 83' lang='lat' dir='ltr'><strong>baroni</strong></span> <span class='ocrx_word' id='word_1_534' title='bbox 1657 2383 1698 2413; x_wconf 85' lang='lat' dir='ltr'><strong>de</strong></span> <span class='ocrx_word' id='word_1_535' title='bbox 1717 2379 1918 2423; x_wconf 69' lang='lat' dir='ltr'><strong>Alemagm,</strong></span> <span class='ocrx_word' id='word_1_536' title='bbox 1936 2381 1999 2412; x_wconf 85' lang='lat' dir='ltr'><strong>che</strong></span> 
     </span>
     <span class='ocr_line' id='line_1_93' title="bbox 1158 2432 2001 2469; baseline 0.006 -5"><span class='ocrx_word' id='word_1_537' title='bbox 1158 2432 1330 2465; x_wconf 86' lang='lat' dir='ltr'><strong>insembre</strong></span> <span class='ocrx_word' id='word_1_538' title='bbox 1354 2443 1420 2465; x_wconf 89' lang='lat' dir='ltr'><strong>con</strong></span> <span class='ocrx_word' id='word_1_539' title='bbox 1446 2434 1491 2465; x_wconf 90' lang='lat' dir='ltr'><strong>lui</strong></span> <span class='ocrx_word' id='word_1_540' title='bbox 1516 2442 1550 2466; x_wconf 89' lang='lat' dir='ltr'><strong>et</strong></span> <span class='ocrx_word' id='word_1_541' title='bbox 1575 2446 1639 2468; x_wconf 88' lang='lat' dir='ltr'><strong>con</strong></span> <span class='ocrx_word' id='word_1_542' title='bbox 1665 2437 1834 2469; x_wconf 87' lang='lat' dir='ltr'><strong>ielectori</strong></span> <span class='ocrx_word' id='word_1_543' title='bbox 1851 2439 1894 2469; x_wconf 90' lang='lat' dir='ltr'><strong>de</strong></span> <span class='ocrx_word' id='word_1_544' title='bbox 1916 2438 2001 2469; x_wconf 81' lang='lat' dir='ltr'><strong>l&#39;itn-</strong></span> 
     </span>
     <span class='ocr_line' id='line_1_94' title="bbox 1159 2486 2002 2534; baseline 0.006 -16"><span class='ocrx_word' id='word_1_545' title='bbox 1159 2487 1256 2528; x_wconf 78' lang='lat' dir='ltr'><strong>perio</strong></span> <span class='ocrx_word' id='word_1_546' title='bbox 1273 2486 1305 2518; x_wconf 90' lang='lat' dir='ltr'><strong>al</strong></span> <span class='ocrx_word' id='word_1_547' title='bbox 1322 2487 1425 2529; x_wconf 85' lang='lat' dir='ltr'><strong>luogo</strong></span> <span class='ocrx_word' id='word_1_548' title='bbox 1450 2488 1492 2518; x_wconf 88' lang='lat' dir='ltr'><strong>de</strong></span> <span class='ocrx_word' id='word_1_549' title='bbox 1510 2488 1811 2529; x_wconf 82' lang='lat' dir='ltr'><strong>Frimbruifurdie‚</strong></span> <span class='ocrx_word' id='word_1_550' title='bbox 1829 2491 1868 2534; x_wconf 73' lang='lat' dir='ltr'><strong>co</strong></span> <span class='ocrx_word' id='word_1_551' title='bbox 1886 2491 1914 2522; x_wconf 84' lang='lat' dir='ltr'><strong>si</strong></span> <span class='ocrx_word' id='word_1_552' title='bbox 1932 2491 1949 2522; x_wconf 78' lang='grc' dir='ltr'>ὲ</span> <span class='ocrx_word' id='word_1_553' title='bbox 1969 2492 2002 2522; x_wconf 89' lang='grc'><strong>61</strong></span> 
     </span>
     <span class='ocr_line' id='line_1_95' title="bbox 1159 2541 2002 2586; baseline 0.002 -15"><span class='ocrx_word' id='word_1_554' title='bbox 1159 2541 1338 2572; x_wconf 84' lang='lat' dir='ltr'><strong>merchore</strong></span> <span class='ocrx_word' id='word_1_555' title='bbox 1363 2541 1529 2582; x_wconf 86' lang='lat' dir='ltr'><strong>proximo,</strong></span> <span class='ocrx_word' id='word_1_556' title='bbox 1548 2543 1612 2573; x_wconf 89' lang='lat' dir='ltr'><strong>che</strong></span> <span class='ocrx_word' id='word_1_557' title='bbox 1629 2543 1744 2586; x_wconf 84' lang='lat' dir='ltr'><strong>siegue</strong></span> <span class='ocrx_word' id='word_1_558' title='bbox 1768 2543 1860 2574; x_wconf 88' lang='lat' dir='ltr'><strong>della</strong></span> <span class='ocrx_word' id='word_1_559' title='bbox 1883 2548 2002 2575; x_wconf 87' lang='lat' dir='ltr'><strong>sancta</strong></span> 
     </span>
     <span class='ocr_line' id='line_1_96' title="bbox 1159 2594 1999 2638; baseline 0.002 -13"><span class='ocrx_word' id='word_1_560' title='bbox 1159 2594 1312 2636; x_wconf 83' lang='lat' dir='ltr'><strong>Vergine</strong></span> <span class='ocrx_word' id='word_1_561' title='bbox 1337 2595 1394 2626; x_wconf 88' lang='lat' dir='ltr'><strong>del</strong></span> <span class='ocrx_word' id='word_1_562' title='bbox 1418 2605 1508 2627; x_wconf 85' lang='lat' dir='ltr'><strong>mese</strong></span> <span class='ocrx_word' id='word_1_563' title='bbox 1523 2596 1566 2627; x_wconf 88' lang='lat' dir='ltr'><strong>de</strong></span> <span class='ocrx_word' id='word_1_564' title='bbox 1589 2596 1797 2638; x_wconf 86' lang='lat' dir='ltr'><strong>septembre,</strong></span> <span class='ocrx_word' id='word_1_565' title='bbox 1814 2596 1889 2627; x_wconf 86' lang='lat' dir='ltr'><strong>drio</strong></span> <span class='ocrx_word' id='word_1_566' title='bbox 1906 2597 1999 2628; x_wconf 75' lang='lat' dir='ltr'><strong>facte</strong></span> 
     </span>
     <span class='ocr_line' id='line_1_97' title="bbox 1160 2648 2002 2691; baseline 0.001 -12"><span class='ocrx_word' id='word_1_567' title='bbox 1160 2648 1192 2679; x_wconf 91' lang='lat' dir='ltr'><strong>le</strong></span> <span class='ocrx_word' id='word_1_568' title='bbox 1216 2648 1394 2679; x_wconf 79' lang='lat' dir='ltr'><strong>solemnita</strong></span> <span class='ocrx_word' id='word_1_569' title='bbox 1427 2649 1517 2680; x_wconf 91' lang='lat' dir='ltr'><strong>delle</strong></span> <span class='ocrx_word' id='word_1_570' title='bbox 1544 2660 1662 2680; x_wconf 84' lang='lat' dir='ltr'><strong>messe.</strong></span> <span class='ocrx_word' id='word_1_571' title='bbox 1709 2649 1753 2680; x_wconf 87' lang='lat' dir='ltr'><strong>Al</strong></span> <span class='ocrx_word' id='word_1_572' title='bbox 1787 2649 1867 2691; x_wconf 86' lang='lat' dir='ltr'><strong>qual</strong></span> <span class='ocrx_word' id='word_1_573' title='bbox 1901 2649 2002 2691; x_wconf 85' lang='lat' dir='ltr'><strong>luogo</strong></span> 
     </span>
     <span class='ocr_line' id='line_1_98' title="bbox 1161 2701 2003 2744; baseline 0.002 -13"><span class='ocrx_word' id='word_1_574' title='bbox 1161 2701 1280 2732; x_wconf 82' lang='lat' dir='ltr'><strong>siando</strong></span> <span class='ocrx_word' id='word_1_575' title='bbox 1306 2701 1337 2732; x_wconf 86' lang='lat' dir='ltr'><strong>el</strong></span> <span class='ocrx_word' id='word_1_576' title='bbox 1355 2702 1389 2733; x_wconf 88' lang='lat' dir='ltr'><strong>di</strong></span> <span class='ocrx_word' id='word_1_577' title='bbox 1406 2702 1573 2733; x_wconf 88' lang='lat' dir='ltr'><strong>ordinado</strong></span> <span class='ocrx_word' id='word_1_578' title='bbox 1597 2703 1761 2744; x_wconf 81' lang='lat' dir='ltr'><strong>vignudii</strong></span> <span class='ocrx_word' id='word_1_579' title='bbox 1788 2703 1930 2734; x_wconf 86' lang='lat' dir='ltr'><strong>electori</strong></span> <span class='ocrx_word' id='word_1_580' title='bbox 1959 2703 2003 2733; x_wconf 85' lang='lat' dir='ltr'><strong>de</strong></span> 
     </span>
     <span class='ocr_line' id='line_1_99' title="bbox 1165 2754 2005 2797; baseline 0.002 -13"><span class='ocrx_word' id='word_1_581' title='bbox 1165 2754 1335 2795; x_wconf 82' lang='lat' dir='ltr'><strong>l&#39;imperio</strong></span> <span class='ocrx_word' id='word_1_582' title='bbox 1352 2760 1386 2786; x_wconf 90' lang='lat' dir='ltr'><strong>et</strong></span> <span class='ocrx_word' id='word_1_583' title='bbox 1409 2755 1505 2786; x_wconf 85' lang='lat' dir='ltr'><strong>molti</strong></span> <span class='ocrx_word' id='word_1_584' title='bbox 1521 2755 1596 2787; x_wconf 86' lang='lat' dir='ltr'><strong>altri</strong></span> <span class='ocrx_word' id='word_1_585' title='bbox 1614 2756 1762 2797; x_wconf 87' lang='lat' dir='ltr'><strong>principi</strong></span> <span class='ocrx_word' id='word_1_586' title='bbox 1787 2762 1821 2787; x_wconf 92' lang='lat' dir='ltr'><strong>et</strong></span> <span class='ocrx_word' id='word_1_587' title='bbox 1836 2755 1952 2787; x_wconf 82' lang='lat' dir='ltr'><strong>baroni</strong></span> <span class='ocrx_word' id='word_1_588' title='bbox 1972 2762 2005 2787; x_wconf 85' lang='lat' dir='ltr'><strong>et</strong></span> 
     </span>
     <span class='ocr_line' id='line_1_100' title="bbox 1161 2807 2005 2841; baseline 0.001 -4"><span class='ocrx_word' id='word_1_589' title='bbox 1161 2807 1171 2837; x_wconf 94' lang='lat' dir='ltr'><strong>i</strong></span> <span class='ocrx_word' id='word_1_590' title='bbox 1196 2807 1396 2839; x_wconf 78' lang='lat' dir='ltr'><strong>ambaxaori</strong></span> <span class='ocrx_word' id='word_1_591' title='bbox 1421 2809 1463 2839; x_wconf 91' lang='lat' dir='ltr'><strong>de</strong></span> <span class='ocrx_word' id='word_1_592' title='bbox 1489 2814 1574 2840; x_wconf 84' lang='lat' dir='ltr'><strong>tutte</strong></span> <span class='ocrx_word' id='word_1_593' title='bbox 1599 2809 1629 2839; x_wconf 86' lang='lat' dir='ltr'><strong>le</strong></span> <span class='ocrx_word' id='word_1_594' title='bbox 1656 2810 1739 2840; x_wconf 83' lang='lat' dir='ltr'><strong>altre</strong></span> <span class='ocrx_word' id='word_1_595' title='bbox 1764 2810 1832 2840; x_wconf 68' lang='lat' dir='ltr'><strong>cita</strong></span> <span class='ocrx_word' id='word_1_596' title='bbox 1857 2810 1900 2841; x_wconf 86' lang='lat' dir='ltr'><strong>de</strong></span> <span class='ocrx_word' id='word_1_597' title='bbox 1922 2811 2005 2841; x_wconf 80' lang='lat' dir='ltr'><strong>Ale-</strong></span> 
     </span>
     <span class='ocr_line' id='line_1_101' title="bbox 1162 2862 2003 2905; baseline 0.002 -14"><span class='ocrx_word' id='word_1_598' title='bbox 1162 2871 1286 2904; x_wconf 86' lang='lat' dir='ltr'><strong>magna</strong></span> <span class='ocrx_word' id='word_1_599' title='bbox 1309 2872 1371 2902; x_wconf 87' lang='lat' dir='ltr'><strong>per</strong></span> <span class='ocrx_word' id='word_1_600' title='bbox 1394 2862 1470 2902; x_wconf 86' lang='lat' dir='ltr'><strong>piar</strong></span> <span class='ocrx_word' id='word_1_601' title='bbox 1495 2862 1625 2894; x_wconf 86' lang='lat' dir='ltr'><strong>ordene</strong></span> <span class='ocrx_word' id='word_1_602' title='bbox 1657 2873 1759 2893; x_wconf 85' lang='lat' dir='ltr'><strong>sovra</strong></span> <span class='ocrx_word' id='word_1_603' title='bbox 1789 2863 1822 2893; x_wconf 88' lang='lat' dir='ltr'><strong>la</strong></span> <span class='ocrx_word' id='word_1_604' title='bbox 1852 2863 2003 2905; x_wconf 82' lang='lat' dir='ltr'><strong>vignuda</strong></span> 
     </span>
     <span class='ocr_line' id='line_1_102' title="bbox 1164 2914 2006 2955; baseline 0.005 -11"><span class='ocrx_word' id='word_1_605' title='bbox 1164 2914 1220 2945; x_wconf 89' lang='lat' dir='ltr'><strong>del</strong></span> <span class='ocrx_word' id='word_1_606' title='bbox 1251 2914 1346 2946; x_wconf 89' lang='lat' dir='ltr'><strong>dicto</strong></span> <span class='ocrx_word' id='word_1_607' title='bbox 1371 2915 1578 2955; x_wconf 85' lang='lat' dir='ltr'><strong>imperador,</strong></span> <span class='ocrx_word' id='word_1_608' title='bbox 1602 2927 1647 2946; x_wconf 93' lang='lat' dir='ltr'><strong>un</strong></span> <span class='ocrx_word' id='word_1_609' title='bbox 1679 2927 1824 2948; x_wconf 86' lang='lat' dir='ltr'><strong>vescovo</strong></span> <span class='ocrx_word' id='word_1_610' title='bbox 1850 2917 1894 2948; x_wconf 88' lang='lat' dir='ltr'><strong>de</strong></span> <span class='ocrx_word' id='word_1_611' title='bbox 1918 2917 2006 2948; x_wconf 88' lang='lat' dir='ltr'><strong>Elis-</strong></span> 
     </span>
    </p>
   </div>
   <div class='ocr_carea' id='block_1_23' title="bbox 1256 3034 1487 3056">
    <p class='ocr_par' dir='ltr' id='par_1_23' title="bbox 1256 3034 1487 3056">
     <span class='ocr_line' id='line_1_103' title="bbox 1256 3034 1487 3056; baseline 0.004 -1"><span class='ocrx_word' id='word_1_612' title='bbox 1256 3039 1295 3056; x_wconf 28' lang='lat'><strong>22*</strong></span> <span class='ocrx_word' id='word_1_613' title='bbox 1316 3034 1404 3056; x_wconf 71' lang='lat' dir='ltr'><strong>treeta</strong></span> <span class='ocrx_word' id='word_1_614' title='bbox 1424 3034 1450 3056; x_wconf 69' lang='grc' dir='ltr'><strong>Ι)</strong></span> <span class='ocrx_word' id='word_1_615' title='bbox 1460 3034 1487 3056; x_wconf 84' lang='lat' dir='ltr'><em>E</em></span> 
     </span>
    </p>
   </div>
  </div>
 </body>
</html>
