2422 3684
473 220 520 256 (10
849 223 1020 260 GESTA
1048 223 1350 260 MAGNIFICA
1379 224 1563 260 DOMUS
1592 226 1983 263 CARRARIENSIS

471 353 546 386 lans
570 356 708 398 penitus
731 357 826 399 quod
850 357 1129 399 cordegerebat,
1153 361 1337 391 adventum
1355 359 1470 401 patrui
1487 359 1548 400 sui,
1566 361 1661 401 quasi
1679 361 1843 403 consequi
1862 361 2014 398 deberet,
2031 361 2126 403 quod
2149 360 2302 402 optabat,

469 419 577 450 usque
601 411 705 442 castri
729 412 866 444 ianuam
891 413 933 444 ab
958 412 1145 444 inimicicie
1169 413 1272 445 ullius
1296 414 1532 445 ostentacione
1549 414 1755 456 prestolatus
1779 421 1840 447 est.
1880 415 1949 447 Sed
1975 416 2111 446 demum
2137 425 2213 446 cum
2238 415 2300 446 sibi

471 463 619 494 nocendi
642 470 778 506 tempus
795 467 934 507 aspexit,
959 467 1171 508 proditorem
1195 473 1352 509 patruum
1378 467 1568 509 appellans,
1593 468 1664 509 pilo
1688 469 1799 509 ipsum
1823 469 1940 501 ferreo
1958 468 2115 503 confixit,
2139 467 2197 510 qui
2221 478 2301 499 mox

470 514 596 547 ibidem
612 518 759 550 animam
778 519 938 557 exalavit,
954 520 1137 561 statimque
1155 520 1342 562 magnifico
1360 520 1488 552 Iacobo
1506 521 1548 552 de
1565 522 1728 553 Carraria
1745 522 1866 554 seriem
1883 523 1931 553 rei
1950 528 1983 553 et
2000 521 2139 552 lieteras
2155 521 2303 562 scripsit,

470 569 687 602 continentes
705 579 875 613 quatenus
899 575 943 605 ad
967 585 1043 605 eum
1067 580 1188 615 gentes
1210 575 1340 614 mictat‚
1365 580 1514 606 castrum
1539 574 1690 617 Percinis
1713 585 1772 607 sue
1797 575 2063 618 magnificencie
2088 575 2300 606 traditurum.
2328 574 2344 604 5

471 622 608 659 Quibus
635 625 716 657 illuc
741 627 898 666 gentibus
923 627 1114 664 destinatis,
1137 628 1298 669 predicto
1322 628 1511 670 magnifico
1535 628 1664 660 Iacobo
1688 634 1837 660 castrum
1868 629 2025 671 Percinis
2055 629 2215 659 traditum
2242 633 2302 658 est.

470 675 552 708 Post
579 688 660 710 vero
677 678 895 712 dedicionem
913 681 1014 713 castri
1033 681 1190 724 Percinis
1207 682 1393 723 magnifico
1410 681 1539 714 Iacobo
1557 683 1600 715 de
1617 682 1790 721 Carraria,
1807 683 1898 714 idem
1915 682 2061 714 Iacobus
2077 681 2302 721 suprascripti

471 728 712 763 Bonaventure
729 734 989 766 hortacionibus
1013 741 1124 767 castra
1149 735 1216 766 alia
1240 736 1313 767 eius
1338 736 1501 772 consiliis,
1525 736 1690 767 videlicet
1712 734 1855 773 Silvam,
1880 736 2150 768 Rochabrunam
2176 740 2209 766 et
2238 733 2304 766 Le-

466 782 580 823 vigum
606 786 801 826 acquisivit.
846 788 898 819 Ex
922 798 989 829 quo
1014 789 1103 819 inter
1119 788 1478 831 Brademburgensem
1503 789 1737 820 marchionem
1764 795 1797 820 et
1821 789 1933 830 ipsum
1958 788 2121 820 Iacobum
2147 787 2302 830 ⁷cincanie

468 835 565 867 faces
590 844 623 868 et
648 839 780 871 dissidii
813 841 893 873 lolia
918 841 1074 883 primitus
1098 847 1172 873 orta
1196 849 1285 879 sunt,
1310 853 1376 883 que
1401 843 1443 874 ad
1469 843 1705 874 conserendas
1736 853 1855 874 manus
1879 849 1914 874 et
1938 842 2016 874 belli
2049 841 2240 884 primordia
2270 840 2303 872 in
2331 841 2369 872 10

468 896 641 930 posterum
673 893 906 925 marchionem
932 895 1042 936 ipsum
1067 901 1101 926 et
1124 894 1242 927 Iacobi
1266 895 1436 937 subegere
1460 905 1688 928 successores.

560 1006 618 1039 175
644 1007 744 1049 [225Ῑ.
770 1027 809 1032 -
834 1009 969 1041 Eodem
993 1021 1095 1049 anno,
1119 1011 1163 1043 de
1181 1022 1298 1042 mense
1316 1011 1444 1053 aprilis,
1470 1011 1618 1043 Iacobus
1634 1011 1677 1043 de
1695 1011 1872 1051 Guignino
1888 1011 1910 1050 ¹,
1936 1011 2177 1043 obscurissime
2194 1015 2304 1048 natus,

468 1057 643 1090 dominum
669 1061 921 1103 Hendrigetum
947 1063 990 1095 de
1014 1064 1179 1106 Mongay,
1204 1065 1261 1104 qui
1294 1066 1338 1095 de
1368 1065 1587 1105 imperatoris
1617 1066 1781 1097 mandato
1812 1065 2013 1097 Cividatum
2043 1063 2199 1104 regebat,
2225 1074 2302 1095 cum

468 1112 688 1145 multitudine
713 1122 920 1148 armatorum
947 1118 990 1148 ad
1014 1118 1189 1158 propriam
1215 1119 1352 1149 domum
1384 1119 1610 1159 oppugnavit,
1636 1129 1736 1160 quem
1762 1118 1855 1159 cepit
1880 1125 1914 1150 et
1938 1118 2112 1149 interfecit
2135 1124 2167 1149 et
2192 1117 2302 1149 domi-
2416 1155 2422 1164 Ι

468 1164 559 1196 nium
585 1169 781 1208 occupavit.
830 1168 910 1206 Qua
936 1170 1108 1201 iniusticia
1130 1176 1305 1212 permotus
1337 1172 1551 1212 capitaneus,
1582 1171 1639 1213 qui
1671 1182 1735 1212 pro
1766 1172 1976 1212 imperatore
2008 1177 2083 1202 erat
2111 1170 2144 1202 in
2175 1175 2302 1207 castro,
2329 1168 2368 1201 15

468 1218 511 1248 ad
536 1220 756 1261 magnificum
781 1222 943 1254 iacobum
971 1224 1013 1255 de
1036 1224 1195 1255 Carraria
1220 1224 1396 1265 querelam
1423 1224 1574 1264 exponit,
1589 1224 1686 1255 cuius
1708 1224 1798 1255 iussu
1823 1224 1996 1255 Iohannes
2020 1224 2126 1256 Canis
2142 1224 2185 1255 de
2210 1223 2303 1254 Hen-
2411 1215 2420 1225 .›

464 1272 634 1312 gelfredis
659 1285 735 1305 cum
762 1277 866 1307 armis
890 1277 934 1309 ad
960 1283 1106 1309 castrum
1133 1277 1283 1309 Cividati
1310 1277 1452 1319 equitat,
1477 1277 1672 1309 Cividatum
1698 1279 1814 1317 intrat,
1845 1278 1903 1309 ubi
1933 1278 2095 1309 Iacobum
2128 1268 2171 1309 de
2196 1277 2301 1310 Guai-

464 1325 568 1366 gnino
594 1327 687 1368 capit
711 1328 776 1368 ipsi
803 1330 947 1361 Iohanni
974 1329 1060 1361 Cani
1086 1340 1243 1361 socerum
1269 1336 1476 1372 captumque
1502 1330 1655 1362 Paduam
1675 1331 1738 1362 sub
1754 1331 1913 1362 custodia
1930 1331 2051 1362 mictit.
2069 1329 2094 1362 S
2115 1337 2149 1362 et
2172 1331 2305 1373 magni-

466 1379 550 1409 ficus
577 1380 724 1411 lacobus
748 1382 857 1422 ipsum
883 1382 991 1414 voluit
1017 1383 1050 1413 in
1075 1393 1133 1413 sua
1160 1384 1236 1414 fore
1262 1383 1423 1414 libertate
1449 1383 1726 1425 Cividatumque,
1742 1384 1834 1425 quod
1851 1394 1913 1425 pro
1932 1395 1968 1415 se
1986 1385 2136 1415 retinere
2155 1389 2303 1425 poterat,

467 1432 613 1474 imperio
639 1433 750 1465 libere
775 1435 938 1475 permisit.
2324 1438 2367 1469 20

558 1549 616 1582 176
641 1549 742 1590 {226}
773 1569 807 1572 ——
833 1550 1020 1582 Millesimo
1045 1551 1302 1589 CCCXLVIII,
1326 1553 1370 1583 de
1394 1562 1512 1583 mense
1541 1552 1758 1593 septembris,
1792 1552 2040 1594 Capudistrie²
2073 1553 2300 1585 Theotonicis

466 1602 684 1639 introductis,
710 1604 853 1635 Venetis
878 1604 913 1634 fit
937 1604 1088 1637 rebellis.
1113 1605 1210 1636 cuius
1234 1605 1283 1636 rei
1308 1606 1425 1647 gracia
1448 1606 1574 1636 Veneti
1600 1607 1773 1648 magnifici
1799 1606 1918 1637 Iacob}
1945 1607 1987 1637 de
2012 1607 2171 1638 Carraria
2203 1607 2301 1638 auxi-

467 1655 546 1685 lium
574 1656 773 1697 implorant,
797 1657 887 1698 quod
914 1658 1055 1698 petitum
1082 1658 1226 1689 militum
1252 1664 1285 1690 et
1308 1659 1462 1699 peditum
1490 1659 1709 1690 abundanter
1731 1659 1920 1700 accipiunt.
1968 1660 2075 1691 Cives
2098 1670 2180 1691 vero
2196 1660 2300 1701 Capi-

466 1709 618 1749 tisistrie⁷
642 1710 796 1750 undique
821 1717 887 1741 tam
915 1721 977 1751 per
1001 1722 1094 1741 mare
1120 1722 1219 1752 quam
1246 1723 1307 1752 per
1332 1718 1456 1743 terram
1484 1713 1710 1743 circumventi
1736 1720 1768 1743 et
1794 1712 1856 1744 iam
1884 1723 1901 1743 a
1926 1712 2156 1744 ⁷1*11e010nicis
2180 1718 2214 1744 et
2230 1713 2304 1744 aliis

467 1762 637 1799 omnibus,
662 1763 816 1794 destituti
841 1764 986 1795 Venetis
1009 1774 1045 1795 se
1069 1764 1266 1796 reddidere.
2322 1765 2364 1798 25

557 1878 615 1912 177
642 1879 743 1920 [2271.
768 1898 811 1902 —
833 1879 1009 1912 Revoluto
1032 1891 1116 1911 vero
1141 1891 1243 1918 anno,
1267 1881 1323 1913 die
1346 1881 1460 1922 primo
1486 1881 1662 1918 februarii,
1686 1882 1892 1924 magnificus
1919 1882 2065 1913 Iacobus
2077 1882 2119 1914 de
2142 1882 2303 1915 Carraria

466 1931 638 1963 Venecias
663 1933 927 1973 proficischur',
956 1933 1013 1965 nbi
1042 1934 1169 1964 curiam
1201 1935 1309 1965 tenuit
1343 1934 1517 1975 copiosam
1552 1935 1595 1966 de
1620 1934 1841 1966 rehabicione
1879 1935 2105 1975 Capitisistrie
2140 1935 2301 1967 alacriter

466 1986 606 2016 testans.
654 1986 780 2016 Veneti
805 1993 931 2020 autem,
963 1997 1133 2017 memores
1157 1987 1318 2017 beneficii
1352 1998 1414 2027 per
1445 1997 1520 2018 eum
1554 1989 1603 2018 eis
1634 1988 1776 2029 prestiti,
1807 1998 1936 2018 summo
1970 1987 2080 2029 ipsum
2121 1988 2302 2020 coluerunt

464 2038 595 2069 honore
622 2039 654 2068 in
678 2039 883 2080 signumque
907 2040 991 2070 tanti
1017 2045 1050 2070 et
1073 2046 1140 2070 tam
1168 2039 1287 2071 dilecti
1312 2040 1397 2071 civis
1422 2040 1532 2071 eidem
1558 2040 1591 2071 in
1617 2040 1764 2072 confinio
1787 2041 1896 2072 sancti
1934 2040 2030 2071 Pauli
2056 2041 2151 2071 multi
2193 2041 2303 2082 precii

464 2092 637 2133 palacium
662 2092 839 2133 egregium
863 2098 940 2123 sunt
965 2092 1088 2135 largiti.
2319 2095 2361 2126 30

557 2203 614 2236 178
641 2202 740 2243 [2281.
766 2221 804 2225 —
832 2202 934 2234 Anno
960 2203 1088 2234 domini
1115 2203 1297 2234 millesimo
1323 2205 1566 2235 trecentesimo
1591 2204 1772 2241 XLVlllI,
1789 2204 1920 2242 marcii,
1939 2204 2076 2236 Guido⁴
2094 2214 2211 2236 comes
2234 2203 2301 2236 Bo—

463 2256 564 2287 nonie
598 2256 640 2286 de
671 2267 773 2297 supra
805 2266 909 2293 mare,
943 2256 1032 2287 tituli
1064 2262 1184 2287 sancte
1217 2256 1323 2287 Lucie
1355 2257 1526 2297 presbiter
1559 2257 1758 2292 cardinalis.
1790 2257 1949 2289 Ron-ane
1982 2257 2129 2289 ecclesie
2156 2257 2299 2299 legatus,

462 2309 727 2340 occurrentibus
744 2309 806 2339 sibi
834 2309 1027 2351 magnificis
1043 2308 1172 2340 Iacobo
1191 2315 1225 2340 et
1242 2309 1419 2347 lambino,
1437 2310 1611 2347 fratribus,
1629 2311 1672 2341 de
1689 2310 1846 2341 Carraria
1864 2320 1938 2340 cum
1956 2309 2130 2342 nobilibus
2146 2310 2302 2341 omnibus

463 2368 496 2392 et
520 2362 616 2392 clero
641 2362 802 2401 paduano
827 2372 902 2393 cum
928 2362 1025 2403 equis
1048 2362 1225 2397 trecentis,
1249 2362 1400 2393 Paduam
1431 2362 1573 2394 intravit
1599 2373 1745 2404 cumque
1770 2363 1860 2394 cmni
1886 2373 1945 2393 sua
1970 2363 2130 2394 comitiva
2153 2363 2187 2393 in
2213 2363 2303 2403 ipso-

462 2425 536 2445 rum
561 2415 776 2445 dominorum
804 2415 939 2456 palacio
965 2415 1160 2451 descendit,
1185 2425 1328 2457 quorum
1355 2415 1547 2456 sumptibus
1573 2416 1636 2446 fuit
1659 2415 1877 2447 abundanter
1900 2422 1933 2446 et
1956 2415 2145 2458 magnifice
2169 2421 2302 2457 pertra-
2324 2414 2363 2448 35

463 2473 584 2498 ctatuS.
632 2468 768 2499 Deinde
800 2478 864 2509 per
889 2468 1063 2499 Venecias
1086 2468 1121 2498 in
1145 2468 1360 2509 Ilongariam
1385 2469 1608 2509 proficiscens
1631 2475 1665 2500 et
1688 2470 1733 2500 de
1755 2479 1845 2499 anno
1877 2469 2033 2511 sequenti
2067 2468 2220 2500 Paduam
2243 2478 2296 2499 re-

461 2531 581 2551 versus
604 2532 622 2551 a
647 2521 814 2561 predictis
838 2521 1030 2563 magnificis
1054 2521 1201 2552 dominis
1224 2521 1381 2552 similiter
1404 2528 1564 2563 receptus
1587 2521 1776 2564 magnifice
1804 2522 2002 2554 honoratur.

552 2698 575 2714 2.
595 2692 699 2722 absque
721 2693 743 2716 S
762 2705 790 2708 ——
813 2698 834 2722 5.
858 2692 982 2722 Perusinis
1004 2693 1122 2724 magnif.
1143 2700 1222 2716 suum
1244 2692 1340 2716 tradit.
1364 2693 1386 2716 ,δ’
1403 2705 1431 2708 -
1457 2698 1480 2724 7.
1509 2693 1561 2724 ipsi
1583 2694 1701 2723 magnif.
1722 2694 1743 2717 S
1762 2707 1769 2710 -
1791 2693 1948 2725 supradicti
1970 2694 1992 2717 S
2010 2706 2039 2710 —
2061 2692 2084 2716 8.
2105 2693 2215 2717 scilicet
2229 2693 2251 2718 S
2267 2706 2297 2711 -—

468 2740 506 2757 11.
527 2738 553 2757 ct
574 2733 717 2764 magnifici
739 2734 830 2756 Iacob}
853 2735 885 2756 ‹1⁴-
901 2736 1035 2758 Carraria
1050 2735 1181 2766 subt-gere
1195 2735 1261 2757 δ·-
1285 2733 1324 2757 16.
1346 2734 1478 2757 dominus
1494 2734 1589 2757 lolzan.
1612 2737 1634 2759 ὅ
1652 2749 1681 2752 V
1708 2742 1746 2765 17.
1767 2737 1851 2759 almis
1872 2736 1929 2758 suis
1949 2736 1970 2759 S
1987 2749 2020 2752 —
2042 2735 2081 2758 18.
2100 2734 2154 2766 set]
2174 2743 2254 2766 quem
2276 2736 2299 2760 S

464 2789 495 2792 —
521 2776 607 2805 125-19.
627 2775 806 2806 magnificum
829 2776 959 2799 Iacobum
982 2778 1014 2800 M
1037 2790 1062 2793 —
1086 2783 1127 2800 21.
1147 2784 1223 2800 anno
1243 2776 1351 2799 domini
1375 2776 1528 2799 millesimo
1550 2778 1571 2799 S
1589 2790 1620 2793 —
1643 2783 1684 2807 23.
1704 2777 1802 2807 nulia}
1823 2777 1947 2808 equitum
1963 2778 2027 2801 S—
2048 2776 2133 2809 27-28.
2158 2778 2294 2810 Capitisi-

463 2818 531 2841 strio
551 2818 677 2840 solemne
698 2817 800 2840 dut-ens
823 2818 923 2841 festum
944 2818 967 2842 S
985 2832 1016 2835 —
1039 2818 1079 2842 28.
1100 2819 1199 2842 Veneti
1222 2824 1288 2841 vero
1308 2818 1330 2842 S
1349 2831 1357 2834 -
1377 2817 1505 2841 beneficii
1525 2817 1586 2840 eius
1607 2819 1660 2842 sibi
1685 2821 1739 2842 tarn
1761 2820 1848 2843 libere
1869 2819 1981 2850 prestiti
2002 2820 2024 2843 S
2041 2831 2072 2836 -
2092 2826 2134 2850 31.
2154 2819 2199 2843 (lie
2219 2827 2295 2843 nono

421 2865 434 2890 5
464 2860 562 2882 marcii
585 2861 607 2882 S
625 2873 653 2876 —
677 2866 718 2890 34.
738 2859 868 2891 cumque]
889 2861 937 2890 qui
957 2868 1017 2883 cum
1038 2860 1061 2884 S

553 2963 558 2977 ⁴
581 2966 719 2996 Comus,
741 2967 879 2994 Chronica,
898 2966 945 2995 IX,
967 2973 1007 2996 15.
1491 2963 1502 2980 ³
1523 2965 1657 2994 Comus„
1680 2967 1818 2995 Chronica,
1835 2966 1882 2995 IX,
1905 2965 1944 2990 ¹6.

552 3006 562 3022 ²
581 3008 715 3038 Com-us„
739 3008 877 3037 Chronica,
896 3008 944 3039 IX,
969 3008 1006 3032 16.
1493 3007 1504 3022 ⁴
1526 3008 1661 3037 Comus„
1687 3009 1823 3038 Chronica,
1844 3008 1876 3039 X,
1898 3016 1919 3032 1.
