2422 3684
433 223 480 260 56
805 224 978 260 GESTA
1006 225 1315 261 MAGNIFICA
1344 227 1530 263 DOMUS
1556 224 1944 265 CARR'ARIENSlS

431 361 504 384 iuste
523 361 608 384 habet
628 361 672 384 vel
691 361 721 384 in
743 361 868 385 futurum
894 361 993 385 eodem
1021 361 1107 385 modo
1133 362 1276 392 acquirere
1296 363 1412 394 poterit,
1439 364 1467 386 in
1497 363 1691 388 mundiburdii
1713 366 1805 389 nostri
1825 366 1982 390 tuicionem
2008 367 2190 398 suscepimus,
2209 367 2261 390 hac

432 405 567 429 videlicet
586 405 758 430 condicione
777 407 809 430 ut
829 406 925 429 nullus
944 405 1082 436 marchio,
1101 413 1204 434 comes,
1224 407 1390 435 vicecomes,
1409 406 1573 437 scultac1us,
1599 408 1805 440 vicedominus,
1829 410 1975 441 gastaldus
1996 411 2039 434 vel
2063 410 2192 439 decanus,
2215 411 2260 435 vel

431 451 518 474 eciam
538 451 599 482 ipse
620 452 771 483 episcopus
790 458 839 475 eos
859 452 992 483 deinceps
1012 450 1173 481 molestare,
1191 451 1360 482 inquietare,
1381 452 1534 476 disvestire
1553 453 1597 476 vel
1618 453 1653 477 ad
1679 453 1816 486 placitum
1838 455 1947 479 trahere
1966 456 2010 478 vel
2030 455 2160 479 homines
2179 463 2261 487 super

429 495 503 519 bona
523 503 620 519 eorum
639 495 801 519 habitantes
822 496 933 523 audeat,
953 495 997 519 vel
1018 496 1141 527 aliquam
1162 496 1304 528 publicam
1325 497 1504 521 exactionem
1526 497 1624 522 faeere.
1661 498 1796 522 Firmiter
1815 500 1903 523 eciam
1919 500 2097 531 precipimus,
2111 501 2142 523 ut
2154 501 2262 524 molen-

431 540 498 564 dina
518 541 546 563 in
567 540 739 571 fluminibus,
761 542 844 564 terris
862 541 979 569 illorum
997 541 1198 569 adiecenfibus,
1218 541 1337 566 licenter
1356 541 1496 566 edificent.
1533 542 1562 566 Si
1582 543 1644 574 quis
1663 543 1747 567 huius
1767 545 1859 567 nostri
1881 544 2080 568 mundiburbii
2099 547 2260 576 preceptum

430 585 591 616 infregerit,
611 586 680 609 sciat
701 593 729 609 se
748 586 973 610 compositurum
993 585 1081 609 libras
1102 586 1182 609 mille
1202 586 1264 609 auri
1284 587 1440 617 purissimi,
1463 587 1642 611 medietatem
1661 595 1770 612 camere
1795 590 1901 617 nostre,
1928 589 2106 612 medietatem
2127 589 2262 621 predictis

430 629 557 654 fidelibus
579 631 685 654 nostris
708 629 840 654 Mai-silio
860 632 886 654 et
906 629 1046 654 Mathilde
1066 637 1217 661 eorumque
1237 631 1378 663 legitimis
1397 631 1556 655 heredibus.
1595 631 1680 659 Quod
1699 634 1731 656 ut
1750 634 1844 656 verius
1869 640 1927 658 esse
1947 633 2084 662 credatur,
2104 636 2260 664 presentem

430 677 535 699 cartam
557 675 700 699 conscribi
719 677 748 699 et
766 676 865 707 sigillo
886 677 985 699 nostro
1006 676 1174 699 communiri
1197 677 1339 700 iussimus.
1376 676 1433 700 Hec
1453 678 1547 700 autem
1566 677 1662 700 omnia
1683 678 1846 709 supradicta
1872 679 1984 710 prefato
2005 679 2136 702 Marsilio
2155 680 2184 702 et
2201 678 2261 702 Ma-

430 720 522 744 thilde
543 721 724 752 ipsorumque
742 721 890 744 heredibus
912 720 1092 744 concedimus
1113 722 1140 744 et
1160 721 1366 750 confirmamus,
1387 721 1466 744 salva
1486 729 1535 753 per
1554 723 1651 746 omnia
1672 723 1815 753 imperiali
1834 723 1950 747 iusticia
1970 731 2032 747 cum
2051 723 2170 747 honore.

517 763 646 798 [Signum
667 765 776 789 domIni
794 765 933 789 Friderici
955 764 1078 789 Romani
1102 767 1284 797 imperatoris
1303 766 1501 790 invictissimi.
1531 766 1591 798 Ego
1614 767 1729 791 Ulricus
1742 767 1930 792 cancellarius
1950 769 2011 791 vice
2030 767 2150 792 Renaldi
2167 768 2259 792 colen-

429 810 540 834 dissimi
563 810 769 842 archiepiscopi
788 812 815 834 et
836 810 1083 834 archicancellarii
1105 809 1280 842 recognovil.

517 854 590 879 Acta
610 857 675 879 sunt
692 855 742 879 hee
762 863 837 879 anno
858 855 1003 879 dominice
1024 855 1235 879 incarnacionis
1249 854 1362 883 MCLX,
1383 855 1545 880 indictione
1559 857 1670 886 octava,
1684 858 1820 889 regnante
1834 856 1976 889 [domino]
1991 857 2147 886 Friderico,
2160 857 2262 881 Roma-

430 907 532 924 norum
553 901 724 932 imperatore
744 901 997 929 victoriosissimo,
1017 907 1093 924 anno
1113 901 1192 932 regni
1207 901 1268 924 eius
1283 908 1367 931 nono,
1388 901 1503 934 imperii
1523 908 1591 925 vero
1604 903 1695 930 sexto,
1711 902 1842 926 feliciter.
1874 902 1972 926 Amen.
2004 903 2080 926 Data
2100 903 2172 934 apud
2187 903 2261 926 Pon-

430 946 640 970 tcmtremulum
662 945 724 970 idus
745 946 882 970 octubris,

521 1026 570 1050 168
580 1027 614 1051 D.
635 1024 719 1060 [²¹7l·
738 1040 775 1044 —
793 1027 861 1050 Item
882 1026 958 1050 aliud
981 1026 1166 1058 privilegium
1187 1026 1259 1050 dicti
1278 1026 1418 1050 Friderici
1439 1027 1628 1059 imperatoris.

516 1072 686 1100 Fridericus,
706 1072 760 1096 Dei
779 1073 875 1103 gracia
896 1070 1090 1095 Romanorum
1111 1072 1265 1104 Imperator
1285 1074 1429 1103 augustus.
1460 1072 1642 1096 Excellencia
1658 1073 1814 1104 imperialis
1828 1080 1887 1096 eam
1902 1074 1975 1097 circa
1995 1072 2090 1096 fideles
2104 1080 2170 1097 suos
2182 1073 2262 1097 beni-

429 1118 568 1149 gnitatem
588 1117 689 1140 habere
708 1117 866 1146 consuevit,
888 1117 919 1139 ut
939 1116 1099 1147 petencium
1121 1116 1272 1140 desideriis
1293 1117 1452 1140 liberaliter
1472 1118 1611 1141 occurrat.
1630 1124 1660 1140 ea
1681 1117 1742 1140 sine
1757 1117 1925 1141 difficultate
1939 1118 2104 1147 concedens,
2118 1124 2170 1149 que
2190 1119 2260 1142 iuris

429 1163 508 1186 racio
529 1162 603 1186 ditat
623 1162 666 1185 vel
687 1161 846 1185 honestatis
866 1162 1008 1192 respectus
1029 1161 1127 1184 suadet
1141 1161 1269 1186 admicti.
1284 1161 1394 1185 Fidelis
1413 1161 1552 1192 siquidem
1569 1163 1665 1185 noster
1679 1161 1828 1186 Iacobinus
1847 1162 1880 1186 de
1899 1161 2042 1192 Carraria,
2055 1170 2116 1186 cum
2132 1162 2261 1191 Mariam,

429 1206 515 1230 filiam
538 1206 650 1230 Alberti
677 1207 711 1230 de
736 1207 839 1234 Baone,
859 1206 974 1229 liaberet
1002 1213 1128 1233 uxorem,
1155 1206 1316 1237 postulavit
1341 1208 1372 1229 ut
1391 1213 1431 1234 ea,
1457 1213 1509 1236 que
1529 1206 1562 1230 ad
1589 1207 1679 1238 ipsum
1706 1206 1823 1230 nomine
1848 1208 1948 1231 uxoris
1973 1207 2095 1231 transire
2119 1206 2263 1235 deberent.

430 1253 527 1275 nostra
547 1252 731 1276 concessione
751 1259 766 1274 a
786 1250 869 1274 nobis
890 1251 1040 1274 obtineret.
1071 1250 1131 1274 Nos
1152 1251 1242 1281 igitur
1262 1250 1343 1274 fidem
1363 1252 1423 1274 eius
1443 1253 1470 1275 et
1490 1251 1592 1274 devota
1613 1251 1756 1282 obsequia,
1775 1251 1877 1282 quibus
1895 1251 1978 1275 nobis
1998 1253 2026 1275 et
2046 1253 2167 1283 imperio
2186 1252 2262 1276 iniu-

428 1297 502 1327 giter
521 1296 684 1324 deservivit,
704 1296 896 1327 respicientes,
918 1295 1072 1327 postulata,
1092 1297 1228 1326 quantum
1248 1303 1299 1319 nos
1319 1296 1387 1319 (lare
1406 1296 1434 1319 et
1454 1296 1513 1327 ipse
1533 1296 1565 1319 de
1585 1297 1644 1319 iure
1664 1297 1759 1327 posset
1777 1298 1912 1328 accipere,
1932 1297 2122 1320 concessimus
2145 1298 2173 1321 et
2198 1297 2270 1333 ipso‘

427 1340 564 1364 beneficio
584 1342 676 1372 preter
696 1341 753 1364 alia
770 1341 832 1363 eius
854 1339 936 1364 feuda
957 1347 1018 1363 cum
1039 1341 1218 1363 investimus.
1257 1339 1291 1363 Et
1307 1341 1338 1363 ut
1357 1340 1411 1364 hoc
1433 1340 1616 1364 auctoritatis
1637 1342 1731 1364 nostre
1752 1340 1868 1366 factum.
1883 1343 1973 1365 ratum
1988 1341 2132 1370 habeatur,
2153 1348 2264 1373 presen-

432 1387 487 1408 tem
510 1385 575 1409 inde
596 1387 729 1415 paginam
753 1385 896 1408 conscribi
924 1384 1042 1408 fecimus
1068 1386 1096 1408 et
1123 1385 1215 1414 sigilli
1245 1386 1337 1408 nostri
1367 1382 1579 1417 imprelssione]
1600 1385 1772 1409 conmunlri.
1808 1385 1906 1409 Testes
1926 1386 2084 1413 Com-adm,
2108 1387 2263 1418 lupicensis

428 1430 542 1456 electus,
561 1430 622 1446 *Μ’*
643 1430 764 1454 astensis
783 1429 942 1461 episcopus,
963 1431 1098 1461 magister
1117 1429 1258 1453 Rodulfus
1278 1429 1438 1460 imperialis
1455 1429 1518 1453 aule
1538 1429 1785 1460 prothonotarius‚
1804 1429 1964 1454 Fridericus
1985 1432 2144 1462 prepositus
2172 1431 2265 1456 sancti

428 1474 537 1499 Thome
558 1476 587 1498 in
602 1476 761 1506 argentina,
781 1473 925 1498 Rodulsus
945 1475 1125 1503 camerarius,
1147 1474 1310 1498 Fulchonus
1329 1475 1362 1497 de
1383 1473 1557 1503 Lendenare,
1575 1474 1714 1498 Henricus
1733 1475 1901 1498 camerarius
1921 1475 1954 1498 de
1974 1475 2151 1507 Emerighen,
2165 1475 2264 1499 Sacius

431 1520 465 1542 de
484 1519 578 1543 Padua
599 1522 627 1543 et
647 1520 699 1543 alii
720 1520 910 1551 quamplures.
948 1520 1022 1543 Data
1041 1519 1139 1551 papie,
1162 1527 1238 1543 anno
1258 1518 1403 1543 dominice
1422 1519 1636 1543 incarnacionis
1657 1519 1810 1544 millesimo
1830 1519 2020 1551 CLXXXIIII,
2035 1520 2186 1544 indicione
2205 1526 2263 1549 11¹1,

431 1570 463 1588 VI
484 1565 546 1588 idus
569 1565 704 1589 octubris.

519 1647 568 1672 168
579 1648 608 1671 E.
630 1646 716 1678 [2183.
735 1661 762 1666 —-
782 1648 852 1671 Item
873 1648 1001 1679 sequitur
1020 1648 1099 1671 aliud
1119 1648 1304 1680 privilegium
1325 1649 1474 1676 Friderici.
1494 1647 1686 1673 Romanorum
1707 1649 1791 1679 regIs,
1811 1650 1892 1673 cuius
1910 1650 1993 1673 tenor
2013 1650 2081 1673 talis
2100 1651 2155 1673 est:

516 1693 748 1721 Fri<lericus‚Dei
769 1694 867 1723 gracia
886 1692 1079 1717 Romanorum
1101 1701 1150 1717 rex
1169 1701 1278 1724 semper
1299 1695 1441 1725 augustus,
1462 1694 1605 1717 universis
1618 1694 1692 1717 sacri
1707 1694 1817 1726 imperii
1841 1693 1971 1718 fidelibus
1991 1696 2132 1726 presentes
2146 1684 2269 1719 licteras¹

430 1738 600 1769 inspecturis
619 1739 741 1766 graciam
763 1745 840 1761 sunm
861 1740 888 1761 et
903 1745 986 1762 omne
1005 1738 1118 1762 bonum.
1153 1737 1277 1762 Tociens
1296 1739 1372 1769 regie
1393 1738 1574 1762 celsitudinis
1593 1740 1718 1770 septrum
1737 1739 1825 1763 altius
1845 1738 1994 1763 extollitur
2012 1740 2040 1762 et
2059 1739 2150 1770 ipsius
2169 1740 2260 1763 status

429 1783 551 1806 solidius
571 1782 758 1812 solidadatur,
781 1784 912 1813 quotiens
932 1783 1058 1807 fidelium
1078 1783 1247 1807 devotorum
1263 1784 1330 1808 vota
1345 1783 1471 1814 benigno
1494 1784 1670 1814 persequitur
1683 1783 1779 1807 effectu
1793 1785 1820 1807 et
1835 1783 1868 1807 ad
1888 1783 2017 1814 ipsorum
2036 1784 2097 1807 iura
2111 1785 2138 1807 et
2152 1784 2262 1814 gracias

428 1828 581 1851 servandas
601 1827 730 1859 largitlua
752 1829 891 1859 principis
912 1827 1065 1851 clemencia
1088 1828 1242 1851 invenitur.
1281 1827 1506 1853 Considerantes
1525 1829 1622 1859 itaque
1642 1828 1749 1852 nobilis
1768 1828 1825 1852 viri
1843 1828 1958 1852 Nicolai
1979 1828 2012 1852 de
2037 1827 2180 1858 Carraria,
2199 1829 2261 1854 nati

430 1873 573 1903 quondam
593 1873 701 1897 nobilis
719 1874 773 1896 viri
795 1871 928 1896 chrtini
949 1872 982 1896 de
1001 1872 1145 1902 Carraria,
1173 1873 1264 1897 nostri
1285 1874 1313 1897 et
1332 1873 1445 1905 imperii
1465 1873 1555 1897 fidelis
1581 1873 1691 1904 dilecti,
1717 1874 1798 1904 grata
1817 1875 1845 1897 et
1870 1873 2024 1904 fructuosa,
2053 1880 2105 1905 que
2125 1873 2210 1898 nobis
2234 1875 2261 1899 et

428 1918 549 1949 imperio
569 1918 599 1941 in
616 1919 698 1942 antea
719 1918 851 1942 exhibere
871 1919 968 1949 potuit
988 1918 1132 1949 obsequia,
1151 1919 1179 1942 et
1198 1919 1229 1942 ut
1251 1917 1417 1942 devocionis
1437 1920 1464 1942 et
1483 1918 1631 1943 fidelitatis
1650 1925 1716 1949 erga
1735 1925 1788 1942 nos
1807 1919 1835 1942 et
1853 1925 1961 1942 sacrum
1982 1919 2131 1950 imperium
2150 1919 2260 1943 serven-

428 1963 487 1985 tius
507 1963 685 1991 accendatur,
709 1964 800 1994 ipsum
821 1964 854 1987 de
875 1963 1006 1986 districtu
1033 1963 1060 1986 et
1078 1964 1154 1986 omni
1183 1963 1300 1986 iusticia
1321 1964 1348 1987 et
1373 1963 1563 1987 iurisdicione
1589 1963 1672 1987 nobis
1691 1964 1719 1987 et
1743 1963 1864 1994 imperio
1882 1964 1974 1987 tamen
2004 1964 2033 1987 in
2053 1964 2136 1987 terris
2155 1964 2214 1988 suis
2233 1965 2260 1989 et

429 2007 550 2031 aliorum
572 2008 605 2030 de
624 2008 709 2031 domo
733 2015 779 2031 sua
802 2008 1014 2040 pertinentibus
1029 2009 1055 2031 et
1070 2008 1103 2031 de
1117 2008 1225 2032 Monte.
1256 2007 1351 2039 Stupe,
1365 2009 1413 2039 qui
1426 2008 1558 2032 balneum
1577 2008 1694 2032 ecclesie
1708 2010 1804 2032 sancte
1817 2008 1903 2032 Eleae
1916 2009 2030 2038 dicitur,
2051 2016 2112 2032 cum
2127 2009 2261 2033 omnibus

429 2052 488 2075 suis
508 2053 703 2083 pertinenciis.
723 2055 835 2083 recepto
857 2053 888 2076 ab
910 2054 974 2084 ipso
994 2052 1143 2076 fidelitatis
1168 2055 1194 2076 et
1220 2052 1348 2083 homagii
1376 2055 1561 2080 sacramento.
1586 2059 1620 2076 ex
1647 2052 1765 2084 speciali
1789 2053 1883 2082 gratia
1909 2053 2079 2076 investimus
2104 2054 2131 2077 et
2155 2051 2261 2086 be[ni]-

429 2098 540 2127 gnitate
560 2098 635 2127 regia
657 2097 845 2122 infeudamus,
866 2098 964 2121 (lantes
979 2098 1034 2121 sibi
1049 2104 1131 2128 super
1150 2104 1182 2121 co
1198 2099 1339 2129 presentes
1355 2098 1447 2122 nostri
1463 2098 1566 2129 regalis
1579 2097 1674 2127 sigilli
1695 2098 1852 2122 munimine
1866 2097 2020 2121 roboratas.
2058 2098 2132 2122 Data
2151 2097 2260 2122 Iudem-

429 2141 545 2173 burgen,
564 2147 613 2166 1111
635 2142 689 2165 kal.
711 2143 818 2169 marcii„
839 2149 915 2166 anno
936 2142 1049 2166 domini
1070 2142 1224 2166 millesimo
1243 2141 1380 2170 CCCXX,
1401 2143 1481 2174 regni
1501 2150 1567 2166 vero
1586 2143 1679 2166 nostri
1699 2149 1775 2166 anno
1793 2143 1882 2166 sexto.

517 2220 724 2246 Confirmamus
745 2230 778 2246 ex
798 2224 873 2246 certa
894 2223 1026 2249 sciencia.
1047 2223 1144 2246 omnia
1164 2223 1191 2246 et
1211 2219 1325 2251 singula
1346 2223 1375 2246 in
1401 2223 1442 2246 eis
1468 2224 1602 2246 contenta
1628 2223 1798 2246 innovamus
1825 2229 1856 2245 ac
1881 2222 1914 2246 de
1940 2229 2018 2246 novo
2043 2223 2084 2246 eis
2110 2223 2137 2246 et
2161 2229 2258 2247 eorum

429 2266 549 2290 cuilibet
567 2265 601 2290 est
621 2269 695 2290 certa
716 2268 844 2296 scientia,
865 2271 1003 2298 quatenus
1022 2274 1117 2291 eorum
1140 2268 1260 2291 interest
1280 2274 1327 2290 seu
1348 2268 1483 2291 interesse
1501 2266 1774 2298 posset‚libera]iter
1793 2266 1976 2297 indulgentes
1996 2275 2046 2298 pro
2067 2274 2095 2291 se
2114 2274 2145 2291 ac.
2165 2275 2260 2291 eorum

430 2312 627 2344 inperpetuum
656 2313 863 2336 successoribus
890 2312 1018 2344 plenarie
1038 2313 1225 2336 concedentes
1249 2319 1359 2336 omnem
1385 2312 1614 2340 iurisdicionem,
1634 2319 1739 2335 merum
1767 2313 1793 2335 et
1813 2313 1932 2336 mixtum
1953 2313 2103 2343 imperium
2123 2313 2151 2336 et
2169 2312 2261 2344 gladii

430 2358 601 2388 potestatem
622 2364 683 2381 cum
705 2365 799 2381 eorum
820 2358 999 2385 exceliciouc‚
1018 2358 1126 2381 verbali
1147 2365 1177 2381 ac
1199 2357 1279 2385 reali,
1298 2358 1328 2381 in
1350 2358 1433 2381 terris
1455 2356 1585 2381 Carrarie
1604 2358 1631 2380 et
1651 2355 1751 2388 Campi
1772 2357 1863 2380 sancti
1888 2356 1966 2381 Petri
1986 2365 2017 2381 ac
2036 2358 2066 2381 in
2087 2358 2145 2381 suis
2165 2357 2262 2382 curiis.

431 2399 492 2427 Que
512 2402 608 2426 omnia
629 2403 656 2425 et
676 2402 789 2431 singula
810 2402 972 2433 supradicta
993 2410 1041 2434 per
1061 2409 1088 2426 se
1108 2403 1187 2433 ipsos
1208 2409 1253 2426 seu
1274 2402 1403 2433 ipsorum
1423 2401 1577 2433 delegatos,
1598 2401 1722 2425 vicarios
1741 2402 1769 2424 et
1789 2401 1922 2425 officiales
1942 2408 2132 2433 quoscumque
2150 2402 2179 2426 in
2201 2408 2260 2433 per-

429 2446 509 2469 sonis
528 2447 555 2469 ct
575 2446 654 2469 rebus
674 2447 812 2469 dictarum
833 2448 968 2470 terrarum
989 2448 1017 2470 et
1037 2447 1177 2470 curiarum
1195 2447 1284 2470 libere
1303 2453 1334 2470 ac
1355 2446 1482 2477 plenarie
1497 2445 1611 2470 valeant
1624 2452 1762 2475 exercere,
1783 2453 1892 2470 necnon
1913 2447 1940 2469 et
1955 2446 2086 2470 omnibus
2099 2447 2126 2469 et
2139 2445 2262 2477 singulis

430 2491 561 2522 personis
581 2490 723 2514 dictorum
743 2490 880 2516 locorum.
901 2491 1103 2522 municipibus,
1124 2491 1230 2515 incolis
1249 2492 1277 2514 et
1290 2490 1502 2514 habitatoribus
1515 2490 1737 2521 quibuscumque
1752 2491 1863 2521 possint
1877 2491 2024 2522 imponere
2041 2490 2185 2518 collectas,
2198 2490 2261 2514 tho-

430 2534 524 2563 lonea,
544 2533 649 2559 dacias.
669 2534 803 2565 gabeins,
824 2535 956 2565 angarias
976 2537 1003 2558 ct
1023 2536 1214 2566 pei-angarias,
1233 2542 1264 2558 ac
1285 2535 1381 2558 omnia
1402 2540 1518 2558 munera
1537 2533 1710 2566 personalia,
1737 2534 1835 2561 realia.
1855 2541 1902 2558 seu
1923 2535 2012 2558 mixta
2037 2535 2148 2565 generis
2166 2534 2260 2558 cuius-

431 2585 548 2609 cumque
570 2578 604 2601 ab
629 2579 668 2602 eis
689 2578 872 2603 effectualiter
892 2579 1043 2610 exigendo,
1063 2581 1091 2602 et
1110 2587 1141 2603 ca
1162 2580 1259 2602 omnia
1280 2580 1307 2602 et
1325 2578 1438 2609 singula
1457 2579 1485 2602 et
1511 2577 1630 2601 mulctas
1649 2579 1677 2601 et
1696 2577 1951 2602 condemnaciones
1976 2578 2010 2602 de
2035 2579 2076 2602 eis
2100 2578 2204 2602 fiendas
2228 2579 2258 2602 in

431 2630 527 2646 eorum
545 2622 701 2646 utilitatem
723 2624 867 2654 propriam
888 2623 1089 2647 convertendo.
1126 2623 1252 2654 Insuper,
1272 2622 1405 2646 ultronea
1425 2621 1610 2651 liberalitate,
1631 2621 1775 2653 sepedicto
1794 2621 1896 2645 Iacobo
1915 2624 1943 2646 et
1959 2623 2020 2646 eius
2044 2623 2074 2646 in
2095 2623 2259 2654 perpetuum

431 2667 639 2691 successoribus
658 2667 880 2698 quibuscumque
900 2676 932 2690 ex
954 2669 1028 2691 certa
1049 2668 1172 2691 sciencia
1193 2667 1377 2695 conserimus,
1400 2666 1581 2690 concedimus
1605 2667 1633 2689 et
1652 2666 1791 2689 donamus
1815 2666 1901 2698 pleno
1921 2667 1991 2695 iure,
2013 2666 2104 2698 plene,
2130 2673 2204 2690 mere
2229 2673 2260 2690 ac

432 2711 662 2735 irrevocabiliter
681 2712 757 2735 inter
777 2712 859 2735 vivos
880 2719 977 2735 omncs
991 2714 1018 2735 et
1033 2712 1160 2743 singulas
1174 2712 1376 2743 possessiones,
1396 2711 1470 2734 bona
1490 2710 1610 2734 mobilia
1631 2711 1658 2733 et
1678 2710 1850 2739 immobilia,
1871 2718 1898 2734 se
1918 2711 2064 2734 movencia
2083 2712 2167 2742 atque
2187 2711 2259 2739 iura,

431 2763 484 2786 que
509 2755 649 2786 quondam
678 2755 785 2779 fuerint
812 2756 872 2779 iurc
899 2756 1021 2779 dominii
1049 2756 1132 2779 utilis
1153 2756 1197 2779 vel
1224 2756 1334 2782 directi,
1361 2761 1409 2778 seu
1434 2755 1515 2785 quasi
1534 2754 1640 2783 Iacobi,
1666 2753 1801 2783 Marsffii,
1827 2753 1974 2785 Obieonis,
1994 2754 2113 2778 Tisonis
2136 2754 2261 2784 Novelli,

433 2799 625 2828 Gufllelmini,
646 2799 766 2829 Belludi,
786 2799 965 2830 Camboneti,
985 2799 1130 2831 Albrigcti
1150 2802 1178 2824 et
1197 2800 1308 2832 Filippi
1325 2799 1527 2831 predictorum,
1547 2806 1656 2822 necnon
1671 2798 1775 2825 iacobi.
1791 2799 1889 2822 fratris
1903 2799 1973 2823 dicti
1987 2799 2106 2830 Filippi,
2127 2798 2261 2822 Ubertini

433 2844 575 2875 quondam
594 2843 723 2867 Iacobini
744 2843 777 2867 de
791 2842 933 2869 Carraria,
954 2846 981 2868 et
995 2844 1120 2868 Marsilii
1140 2844 1284 2876 Papafave
1303 2843 1446 2874 quondam
1466 2843 1610 2867 Albertini
1631 2843 1774 2874 Papasave
1794 2843 1827 2866 (le
1847 2843 1990 2871 Carraria,
2009 2843 2115 2867 civium
2134 2844 2162 2867 et
2181 2843 2260 2867 inco-

432 2888 520 2911 larum
542 2888 681 2918 civitatis,
703 2888 946 2919 qualitercumque
964 2889 1040 2912 bona
1061 2895 1156 2912 eorum
1182 2888 1290 2912 fuerint
1309 2895 1358 2920 per
1377 2888 1484 2911 dictam
1503 2887 1675 2911 sentenciam
1695 2886 1856 2916 confiscata,
1877 2895 1907 2911 ac
1927 2887 2004 2911 bona
2023 2888 2050 2911 et
2069 2887 2130 2911 iura
2155 2887 2262 2916 omnia,

437 2939 489 2962 que
508 2931 543 2955 ad
563 2938 610 2954 eos
629 2931 673 2955 vel
702 2938 797 2954 eorum
818 2931 939 2962 aliquem
967 2932 1142 2963 pertinerent
1162 2937 1272 2962 quoquo
1295 2931 1388 2957 modo,
1413 2930 1502 2953 eciam
1526 2930 1551 2953 si
1570 2929 1603 2953 ad
1631 2929 1805 2961 imperialem
1832 2937 1969 2954 cameram
1995 2930 2040 2954 vel
2066 2929 2187 2954 fiscalem
2213 2937 2259 2954 seu

434 2982 549 2999 comune
569 2975 663 2999 Paduc
684 2982 857 3006 quacumque
872 2976 997 3004 racione,
1013 2976 1162 2999 occasione
1177 2975 1221 2999 vel
1242 2981 1333 3003 causa,
1347 2976 1374 2998 et
1393 2974 1515 2998 maxime
1534 2975 1684 2998 occasione
1704 2974 1846 2997 sentencie
1865 2974 1999 3005 predicte,
2019 2981 2072 3006 qua
2090 2974 2124 2998 de
2142 2974 2262 2998 crimine

435 3020 488 3043 lese
509 3020 666 3043 maiestatis
687 3019 836 3043 secundum
857 3019 928 3043 iuris
943 3020 1120 3043 sanctionem
1136 3019 1249 3043 fuerunt
1265 3019 1376 3049 irretiti,
1393 3025 1502 3049 quoque
1516 3018 1602 3042 modo
1624 3018 1730 3042 suci-Int
1751 3018 1895 3044 devoluta.
1910 3019 2006 3042 omnia
2025 3019 2053 3042 et
2067 3018 2179 3050 singula
2193 3019 2262 3047 acta,

2290 542 2306 569 5

2293 765 2326 793 10

2293 1026 2324 1053 15

2291 1249 2328 1276 20

2293 1473 2328 1500 25

2289 1737 2326 1765 30

2290 1961 2324 1990 35

2289 2220 2324 2248 40

2292 2443 2326 2470 45

2288 2662 2325 2691 50

2291 2883 2326 2911 55

2402 2845 2422 3027 ἕ

2400 3035 2418 3080 ω’

2400 3083 2419 3126 a]

2402 3130 2422 3257 l

2402 3333 2418 3386 ζμ

2402 3390 2419 3438 {i

2409 1278 2422 1330 νὴ*
2407 1062 2422 1250 ΓΔΑΊΜἈΩΕ
2409 890 2422 1058 τιιΑ-ὶᾈ
2412 714 2422 885 '‘mutui—'an-
2411 677 2415 686 ’

2409 1344 2422 1442 ῃηὶᾃτ.
