2422 3684
323 2722 354 2738 10

325 2933 352 2958 τε

734 219 905 256 GESTA
933 219 1237 256 MAGNIFICA
1265 221 1450 256 DOMUS
1481 222 1866 259 CARRARIENSIS

375 359 498 385 taneus
522 359 596 385 erat
620 353 789 385 voluntati
813 354 946 386 domini
970 354 1103 390 Iacobi;
1127 361 1201 386 erat
1224 360 1258 387 et
1291 355 1401 387 eciam
1425 354 1488 387 sibi
1519 365 1714 398 germanus.
1760 356 1822 388 His
1857 356 1990 388 duobus
2021 356 2205 399 Eccelinus

378 406 497 439 stricte
520 407 690 449 precepit,
715 409 809 449 quod
833 419 942 450 usque
965 407 1039 439 dies
1054 414 1124 440 tres
1141 418 1176 440 se
1192 415 1450 450 presentassent
1466 409 1648 451 capitaneo
1667 409 1943 448 Montisbelluni,
1960 411 2018 452 qui
2035 409 2131 442 locus
2147 421 2209 451 pro

378 460 521 492 domino
546 461 712 504 Eccelino
735 462 930 494 tenebatur.
961 462 1096 494 Domini
1114 474 1198 495 vero
1214 462 1358 494 Iacobus
1376 469 1410 494 et
1426 463 1629 496 Advedutus
1646 464 1744 496 vultu
1762 464 1837 496 ilari
1854 465 2108 506 responderunt
2123 474 2159 495 se
2175 464 2210 495 in

375 515 448 546 hoc
467 522 501 547 et
521 515 597 546 aliis
621 522 758 556 paratos
783 516 954 548 mandatis
971 516 1116 550 obedire
1133 517 1241 558 ipsius
1257 516 1387 548 domini
1403 517 1569 560 Eccdini,
1586 525 1828 560 assumptaque
1844 519 1991 551 licencia
2007 528 2087 550 mox
2105 528 2211 559 equos

377 569 631 600 asscenderunt
646 569 667 601 ¹.
700 568 782 606 Qui,
798 570 1035 611 prodicionem
1055 576 1309 612 cognoscentes
1325 571 1452 602 domini
1471 571 1637 614 Eccelini,
1654 579 1686 603 et
1704 571 1795 613 quod
1813 573 1855 603 ad
1873 577 2017 603 mortem
2036 577 2070 603 et
2085 582 2152 603 non
2170 570 2215 603 ad

377 622 528 654 confinia
555 622 786 654 mictebantur
798 623 821 662 ²,
844 633 920 655 eum
938 624 1000 655 sibi
1018 624 1152 656 itineris
1176 624 1407 665 aptitudinem
1430 625 1666 667 inspexerunt,
1682 626 1804 657 itinere
1827 635 1940 663 verso,
1963 625 2213 667 Anguillariam

382 677 538 717 profecti
563 683 649 714 sunt,
674 687 740 716 que
762 683 844 709 tunc
866 678 1048 709 tenebatur
1064 688 1129 719 per
1151 678 1326 709 dominum
1350 678 1547 710 Iacobinum
1566 680 1608 710 de
1625 679 1795 717 Carraria,
1811 679 2085 721 cognominatum
2101 678 2213 720 Papa-

382 728 477 767 fava,
501 729 605 760 filium
631 729 761 761 domini
784 730 931 768 Alberti‚
957 731 1016 772 qui
1040 731 1188 772 predicti
1215 731 1342 763 domini
1368 731 1487 764 Iacobi
1510 732 1618 764 frater
1643 732 1814 764 extiterat.
1861 732 1904 764 Et
1927 733 2027 764 fuere
2050 731 2212 774 predicta

380 781 684 820 MCCXXXVIII,
712 783 755 815 de
780 795 897 815 mense
921 784 1006 815 iulii.

469 889 518 922 17.
544 889 624 930 [31].
649 908 693 912 —
715 889 816 922 Anno
840 891 994 932 sequenti
1009 890 1032 928 ³,
1056 891 1226 923 existente
1252 892 1433 924 Friderico
1457 892 1665 933 imperatore
1689 892 1720 923 in
1747 891 1888 924 civitate
1911 892 2040 929 Padue,
2073 898 2106 923 et
2135 902 2211 923 cum

379 941 447 972 iam
475 941 517 973 ab
540 943 697 974 omnibus
719 943 832 984 palam
854 943 1079 975 affirmaretur
1102 944 1345 985 imperatorem
1369 946 1479 985 ipsum
1505 945 1849 977 excomunicacionis
1867 946 2080 976 sentenciam
2101 945 2216 975 incur-

377 995 461 1026 risse
487 995 636 1027 iussione
652 997 778 1038 papali,
797 998 922 1028 timens
939 997 1085 1029 civitatis
1102 998 1220 1029 Padue
1237 998 1500 1033 ammissionem,
1518 999 1549 1028 in
1569 1008 1637 1040 quo
1654 999 1792 1030 fortiter
1810 997 1987 1030 dubitabat
2003 998 2046 1029 de
2063 999 2215 1040 Accone,

377 1048 578 1080 marchione
604 1055 748 1089 estense,
773 1057 806 1082 et
830 1051 899 1092 [de]
927 1051 1069 1082 domino
1100 1051 1230 1083 Iacobo
1254 1052 1297 1083 de
1321 1052 1492 1088 Carraria,
1516 1053 1550 1083 in
1575 1052 1711 1083 comuni
1737 1051 1874 1092 palacio
1899 1050 2070 1093 publicam
2095 1050 2215 1082 habuit

380 1102 597 1139 concionem,
622 1103 875 1145 ostendensque
900 1104 988 1135 velle
1012 1104 1170 1136 omnibus
1193 1105 1425 1145 complacere,
1448 1105 1542 1146 ipsos
1565 1105 1800 1137 marchionem
1827 1104 2015 1147 Acconem,
2040 1103 2216 1136 dominum

379 1154 544 1186 Iacobum
569 1162 604 1187 et
627 1157 723 1194 alios,
741 1157 796 1199 qui
815 1168 891 1189 cum
908 1158 989 1198 ipsis
1006 1159 1154 1196 fuerant,
1174 1169 1249 1189 cum
1276 1158 1426 1190 Paduam
1451 1159 1586 1199 eripere
1611 1158 1793 1189 voluerant
1812 1158 1854 1189 de
1878 1158 2035 1189 manibus
2050 1156 2217 1199 Eccelini‚

378 1207 532 1239 Paduam
556 1211 744 1248 revocavit,
767 1221 852 1252 quos
876 1221 993 1242 omnes
1017 1211 1178 1243 affidavit.
1226 1211 1286 1243 Set
1310 1223 1352 1243 ex
1382 1213 1445 1249 his,
1474 1212 1702 1244 excusacione
1728 1216 1867 1253 captata
1891 1212 1984 1254 quod
2011 1211 2097 1242 illud
2121 1210 2216 1241 face-

378 1267 431 1292 ret
455 1271 518 1303 pro
542 1263 635 1294 bono
660 1263 755 1304 pacis
779 1270 813 1295 et
837 1263 1070 1296 confirmande
1103 1264 1304 1302 concordie,
1336 1265 1496 1297 diversos
1522 1275 1583 1306 per
1614 1264 1751 1296 diversa
1783 1264 1860 1296 loca
1891 1263 2089 1302 destinavit,
2120 1263 2213 1295 in'ter

382 1325 472 1356 quos
494 1315 698 1357 principalis
722 1317 880 1349 dominus
906 1317 1051 1349 Iacobus
1086 1318 1129 1348 de
1161 1317 1319 1349 Carraria
1348 1325 1381 1350 et
1410 1318 1629 1355 Advedutus,
1653 1318 1853 1355 advocatus,
1883 1317 1990 1359 ipsius
2020 1327 2211 1360 germanu8‚

376 1367 557 1400 Mantuam
582 1369 723 1401 fuerunt
747 1370 904 1413 relegati.

469 1475 517 1505 18.
543 1475 622 1515 [32].
648 1493 688 1497 ——
713 1475 846 1507 Tantus
871 1482 945 1508 erat
965 1482 1095 1508 tremor
1111 1483 1145 1507 et
1163 1477 1350 1517 suspectio,
1374 1487 1440 1519 que
1459 1477 1502 1508 de
1518 1477 1683 1518 potencia
1706 1476 1930 1518 suprascripti
1949 1475 2078 1507 domini
2095 1475 2212 1507 Iacobi

377 1528 420 1558 de
444 1528 605 1559 Carraria
628 1527 826 1570 Eecelinum
851 1529 1024 1560 invaserat
1035 1529 1056 1566 ⁴,
1082 1530 1175 1570 quod
1201 1531 1244 1561 de
1268 1529 1369 1561 bonis
1393 1530 1598 1570 hominibus,
1624 1529 1758 1561 civibus
1773 1529 1904 1566 Padue,
1927 1528 2155 1571 burgensibus
2179 1534 2214 1559 et

379 1580 628 1612 habitatoribus
653 1581 809 1612 villarum
834 1582 897 1613 viri
931 1592 1022 1613 xvm
1056 1583 1177 1615 eodem
1211 1594 1311 1619 anno,
1343 1583 1508 1614 videlicet
1538 1582 1858 1621 MCCXXXVIHI,
1889 1593 1974 1624 quos
1999 1581 2127 1613 dictum
2153 1582 2219 1613 fuit

377 1634 596 1665 solummodo
618 1634 828 1676 colloquium
855 1635 1015 1667 habuisse
1041 1646 1117 1667 cum
1142 1637 1304 1677 predicto
1329 1636 1469 1668 domino
1493 1636 1633 1674 Iacobo,
1649 1636 1834 1678 suspendio
1855 1636 2004 1667 damnati
2029 1635 2133 1666 vitam
2157 1636 2219 1667 rni-

377 1687 571 1719 serabiliter
599 1689 794 1720 amiserunt.

469 1795 517 1826 19.
545 1794 624 1835 [33].
648 1813 692 1817 —
715 1794 818 1826 Anno
842 1806 926 1827 vero
944 1795 1072 1827 domini
1092 1796 1272 1828 millesimo
1290 1796 1441 1837 CC[X]L
1458 1807 1642 1839 progresso
1660 1796 1822 1840 Eccelino
1838 1796 2013 1828 Veronam
2033 1802 2066 1827 et
2081 1796 2221 1827 domino

379 1847 563 1879 Thebaldo
590 1849 787 1886 Fumeisco,
802 1855 884 1880 tunc
910 1848 1028 1880 Padue
1054 1856 1236 1891 potestate,
1260 1851 1350 1881 idem
1377 1849 1537 1882 dominus
1554 1849 1757 1881 Thebaldus
1772 1849 2000 1881 Franciscus⁵
2024 1860 2100 1881 cum
2127 1849 2218 1880 omni

376 1900 507 1932 milicia
531 1902 691 1942 paduana
717 1908 749 1932 et
772 1902 946 1942 peditibus
971 1903 1062 1934 mille
1087 1902 1176 1934 bene
1201 1904 1340 1935 armatis
1364 1913 1441 1934 sero
1474 1904 1623 1944 quodam
1648 1903 1800 1935 Paduam
1827 1903 2013 1943 egreditur,
2039 1902 2216 1934 conscium

377 1954 553 1984 neminem
578 1954 730 1985 reddens
756 1955 888 1985 itineris
917 1957 968 1986 sni
999 1962 1033 1986 et
1062 1957 1240 1997 propositi,
1273 1967 1419 1997 cumque
1451 1967 1515 1998 per
1545 1957 1654 1987 noctis
1684 1961 1815 1997 partem
1841 1966 1999 1998 magnam
2023 1955 2219 1996 eqilitasset,

379 2017 479 2037 mane
493 2013 572 2038 arte
591 2007 678 2037 (lieni
700 2018 773 2038 cum
794 2008 978 2049 equitibus,
997 2019 1082 2050 qncs
1099 2009 1258 2045 babebat,
1278 2010 1320 2040 acl
1337 2010 1452 2041 locum
1470 2010 1568 2050 Agne
1587 2009 1764 2050 applicuit,
1783 2019 1882 2050 quem
1899 2009 1996 2039 miles
2013 2008 2214 2050 magnificus

379 2060 536 2090 dominus
561 2059 705 2091 Iacobus
730 2061 772 2091 de
804 2059 963 2091 Carraria
994 2062 1147 2092 tenebat.

381 2112 541 2154 ²«sentibus
565 2114 713 2153 predicti
738 2113 867 2145 domini
893 2114 1010 2145 iacobi
1037 2120 1069 2145 et
1094 2115 1253 2146 exulibus
1269 2115 1383 2146 multis
1397 2115 1621 2156 premunitus.
1657 2114 1801 2146 lubente
1818 2115 2002 2145 Thebaide
2018 2114 2218 2151 Francisco,

380 2177 460 2197 mox
487 2168 582 2197 locus
605 2166 797 2198 insultatur.
844 2166 1011 2198 Dominus
1035 2178 1117 2198 vero
1135 2167 1282 2198 Iacobus
1299 2168 1347 2198 rei
1365 2168 1486 2198 seriem
1505 2167 1686 2208 aspiciens,
1705 2177 1780 2198 cum
1804 2167 1871 2197 suis
1888 2167 2021 2207 prosilit
2045 2167 2088 2198 ad
2113 2177 2217 2205 arma,

472 2285 492 2302 Ι.
514 2278 646 2301 dominns
668 2279 757 2309 qucl.
779 2279 797 2302 ὁ
814 2293 842 2295 n
860 2287 881 2310 5.
898 2281 1083 2309 agnoscentes
1097 2278 1118 2300 S
1132 2293 1161 2296 —
1180 2285 1203 2309 7.
1217 2280 1522 2309 prin1umcognom..s
1534 2292 1565 2296 —
1580 2280 1604 2303 S.
1618 2280 1675 2310 qui.
1689 2298 1694 2303 .
1707 2298 1711 2302 .
1725 2298 1729 2302 .
1743 2279 1840 2310 extit]
1856 2279 1952 2302 fratris
1967 2279 2088 2310 prodisti
2103 2280 2213 2303 domini

380 2320 477 2343 iacobi
498 2320 520 2344 S
537 2333 568 2337 η
594 2327 631 2343 11.
653 2320 708 2343 iani
729 2330 777 2344 nm.
799 2324 818 2343 ὸ
837 2334 844 2337 -
865 2321 956 2353 palam
978 2330 1026 2344 om.
1049 2322 1070 2343 S
1087 2334 1116 2338 »-
1141 2327 1178 2351 13.
1202 2323 1227 2343 et
1249 2321 1281 2343 (le
1302 2321 1376 2344 doni.
1398 2323 1420 2345 S
1439 2334 1468 2338 —
1493 2328 1529 2351 14.
1552 2323 1577 2344 ct
1599 2322 1671 2344 tion).
1693 2322 1714 2345 S
1733 2335 1763 2338 -—
1788 2327 1827 2351 15.
1849 2321 1970 2351 arripere
1992 2321 2122 2345 voluerat
2142 2322 2165 2345 S
2181 2334 2212 2338 —-

380 2368 470 2393 2324.
492 2363 551 2386 vita
572 2363 773 2386 miserabiliter
793 2365 917 2394 exempti
939 2366 1004 2387 sunt
1025 2364 1047 2387 S
1065 2377 1094 2380 —
1116 2369 1157 2394 29.
1177 2363 1317 2395 aplicavit
1337 2364 1359 2387 S
1376 2376 1383 2380 -
1403 2371 1482 2394 quein
1504 2363 1595 2386 locum
1617 2363 1698 2386 miles
1718 2366 1848 2386 strenuus
1867 2365 1890 2387 S

471 2464 475 2479 ¹
498 2464 686 2494 RoLmeNo,
707 2465 750 2488 lv.
771 2464 800 2487 (›:
823 2465 945 2495 “Itaque
958 2465 1126 2488 convocatis
1146 2464 1270 2496 dompno

383 2506 507 2530 “Iacobo
527 2507 560 2530 de
586 2506 718 2530 Carraria
743 2510 769 2530 et
794 2508 919 2538 dompno
942 2507 1092 2530 Advocato
1111 2506 1145 2529 dc
1167 2507 1268 2536 I'adua,

381 2549 535 2572 “districte
555 2550 680 2579 precepit
700 2550 740 2571 eis
760 2549 833 2579 quod
855 2552 1029 2571 assium-rent
1051 2549 1124 2572 viam
1147 2556 1223 2571 suain
1244 2550 1270 2571 et

1872 2465 1962 2489 Tutto
1983 2466 2003 2489 il
2025 2467 2099 2489 resto
2119 2465 2217 2488 der-iva

1325 2507 1359 2530 da
1375 2507 1538 2530 Rolantlino
1558 2514 1610 2530 con
1627 2507 1715 2538 por-he
1730 2508 1863 2530 varianti.
1901 2507 1999 2530 Anche-
2013 2507 2217 2531 l‘indicazione

1325 2549 1509 2580 cronologica
1529 2548 1542 2572 ὲ
1564 2549 1682 2572 desunta
1702 2549 1737 2572 da
1763 2548 1938 2577 Rolandino,
1959 2557 2012 2573 ove
2032 2551 2075 2573 sta
2096 2551 2124 2573 in
2146 2550 2218 2573 testa

1325 2467 1387 2488 vata
1408 2471 1551 2495 promossa
1571 2466 1596 2488 ai
1618 2465 1670 2488 (lue
1689 2465 1834 2488 cai-alieri.

384 2591 493 2621 “usque
518 2591 550 2614 ad
571 2592 627 2614 tres
654 2591 712 2613 dies
739 2593 899 2621 presentare
918 2598 945 2613 sc
966 2591 1096 2614 (lu-berent
1121 2591 1270 2621 capitaneo

384 2632 395 2644 ‘⁴
408 2633 516 2655 Montis
530 2633 651 2658 Bclluni,
672 2633 719 2663 qni
742 2634 832 2655 lovuni
849 2633 931 2655 illum
948 2633 1059 2656 tenebat
1081 2633 1133 2656 hoc
1148 2635 1273 2663 tempore

385 2676 395 2686 ¹⁶
407 2682 458 2706 pro
490 2675 616 2706 dompno
646 2675 773 2697 Ecelino.

385 2717 396 2728 ‘¹
410 2718 490 2740 vultu
504 2719 531 2740 et
546 2717 622 2739 claro
638 2724 664 2739 sc
680 2717 751 2739 velle
766 2716 896 2739 total-iter
910 2717 938 2739 ii:
955 2717 1006 2739 lion
1020 2719 1048 2740 ct
1063 2717 1091 2739 in
1106 2717 1173 2739 aliis
1186 2716 1275 2747 ipsius

814 2675 1031 2705 Responderunt
1062 2676 1155 2697 autem
1188 2674 1272 2705 yllari

384 2760 397 2772 “
410 2759 565 2790 adimplere
580 2760 753 2783 annulatum.
768 2761 795 2782 ct
815 2762 927 2790 sumpta
944 2759 1061 2782 licentia
1076 2760 1276 2789 equitaverunt

383 2802 496 2825 “cadoni
517 2802 585 2824 hora
598 2819 620 2831 „.

471 2842 481 2858 “-’
500 2843 541 2866 La
562 2844 671 2867 notizia
692 2841 705 2866 ὸ
726 2843 768 2866 dcl
790 2843 926 2869 cronista,
949 2850 1006 2866 non
1027 2842 1102 2866 della
1123 2849 1170 2866 sua
1188 2843 1274 2865 sonte.

383 2886 551 2908 Rolandino
571 2885 627 2917 (IV.
642 2884 668 2916 6)
683 2886 762 2908 dit-e:
784 2885 796 2897 “
807 2886 854 2907 Set
868 2885 1010 2908 diversum
1027 2885 1083 2908 suit
1097 2891 1194 2907 corum
1209 2891 1272 2915 pro-

383 2929 532 2960 “positum
553 2936 566 2951 a
588 2929 769 2959 prouiiissis„:
789 2934 802 2950 c
824 2935 879 2950 non
909 2928 935 2950 fa
962 2928 1063 2950 ali-una
1090 2927 1234 2950 allusione
1260 2934 1275 2950 a

384 2979 420 2994 un
445 2971 582 3002 possibili·
598 2970 720 2993 trzrnello
737 2970 770 2992 da
785 2972 865 3001 parte
881 2970 907 2992 di
927 2969 1071 2993 Ezzvlino.
1110 2969 1276 2992 Rolaudino

383 3014 550 3036 attribuisce
571 3013 807 3044 ioniplttauxcntr·
824 3012 848 3036 la
865 3011 1086 3043 rcspvnrabilita
1108 3012 1181 3035 della
1199 3018 1275 3034 nian-

1326 2592 1352 2615 al
1373 2594 1515 2615 racconto.

1413 2631 1423 2646 ³
1442 2632 1464 2656 Il
1487 2635 1622 2657 racconto
1644 2634 1670 2656 ‹li
1693 2635 1773 2657 tutto
1795 2634 1813 2656 il
1840 2633 1969 2665 capitolo
1995 2632 2008 2657 'e
2034 2634 2164 2657 derivato
2184 2633 2218 2656 da

1326 2674 1505 2703 Rolandino,
1526 2675 1570 2703 IV,
1594 2682 1681 2703 10-11,
1702 2683 1758 2698 non
1779 2683 1859 2698 senza
1883 2675 2016 2698 notevole
2036 2675 2218 2703 alterazione,

1327 2717 1385 2739 allo
1407 2723 1493 2747 scopo
1520 2719 1683 2747 sopralutto
1711 2717 1739 2740 di
1767 2718 1808 2740 far
1835 2717 1966 2740 risaltare
1993 2717 2019 2739 la
2043 2723 2164 2747 persona
2191 2717 2217 2740 di

1326 2758 1440 2789 Iacopo,
1462 2758 1512 2781 che
1533 2758 1576 2782 nel
1598 2762 1734 2782 rave-onio
1757 2759 1963 2782 rolandiniano
1984 2766 2039 2781 non
2055 2765 2160 2789 occupa
2181 2765 2217 2781 un

1328 2801 1410 2831 posto
1431 2801 1598 2832 principale.

1417 2840 1427 2856 ⁴
1455 2842 1561 2865 Deriva
1593 2842 1628 2865 da
1659 2842 1834 2869 Rolandino=
1864 2843 1911 2872 IV,
1939 2849 1980 2874 15,
2003 2841 2182 2865 eliminando
2208 2843 2215 2865 i

1328 2885 1468 2916 maggior-i
1491 2885 1580 2907 attori
1601 2884 1644 2907 dcl
1666 2885 1801 2912 dramnia,
1823 2885 1849 2907 in
1872 2885 1955 2908 modo
1973 2884 2008 2907 da
2026 2885 2068 2907 sar
2087 2883 2218 2907 risaltare

1330 2933 1464 2958 prescnza
1483 2933 1497 2949 e
1517 2929 1635 2957 operato
1656 2926 1684 2949 di
1704 2926 1816 2957 Iacopo.

1415 2966 1425 2982 ⁵
1445 2968 1634 2996 RomxsmNo,
1657 2968 1688 2997 V,
1709 2976 1732 2998 4,
1754 2968 1779 2991 al
1800 2967 1882 2998 quale
1895 2966 1909 2991 'c
1923 2968 2030 2991 attinto
2044 2974 2097 2991 con
2113 2964 2217 2990 sedelta

1327 3010 1477 3043 l'episodio
1497 3010 1527 3034 (li
1547 3008 1655 3042 Gorgo.

2241 891 2279 922 10

2245 1155 2282 1187 15

2239 1476 2281 1507 20

2243 1795 2284 1827 25

1194 2061 1279 2092 Erat
1311 2068 1422 2093 autem
1457 2062 1554 2093 locus
1577 2063 1650 2103 ipse
1681 2062 1716 2092 in
1741 2062 1843 2092 casiri
1877 2061 1988 2092 sonna
2014 2062 2210 2102 dispositus,
2234 2063 2275 2094 30

2245 2555 2279 2572 20

2243 2975 2278 3000 30
