2422 3684
753 235 924 272 GESTA
953 237 1252 273 MAGNIFICA
1283 239 1467 275 DOMUS
1497 241 1887 278 CARRARIENSIS

728 369 865 401 anz.
893 369 925 401 A

404 441 506 472 castri
531 440 695 485 euchole,
720 441 811 482 quod
835 451 939 482 supra
961 441 1132 474 Austriam
1152 442 1243 474 Civi-

403 500 506 526 tatem
529 504 648 534 parum
672 494 707 524 in
731 500 845 526 monte
869 495 999 526 distans
1021 501 1094 526 erat
1111 496 1245 528 civibus

405 547 543 579 Austrie
578 557 647 578 non
681 557 800 588 parum
832 557 982 584 exosum,
1006 547 1053 579 ibi
1085 555 1154 580 tam
1186 550 1244 582 diu

404 600 546 631 firmiter
562 601 696 637 mansit,
714 601 806 642 quod
823 601 1023 641 capitaneus
1047 602 1160 639 castri,
1183 613 1242 634 ex-

403 659 542 695 pectato
566 653 610 684 ad
633 660 797 684 statutum
813 653 992 684 terminum
1011 654 1162 686 subsidio
1179 666 1242 687 nec

403 706 556 747 prestito,
590 706 785 747 patriarche
825 712 858 738 et
897 707 1055 738 Furlanis
1095 714 1241 739 castrum

402 760 513 800 ipsum
531 759 695 791 exhibuit.
735 758 850 796 Quod,
867 760 1073 792 instantibus
1089 767 1242 792 austren-

402 814 504 849 sibus,
522 823 600 844 mox
616 814 695 855 igne
714 820 949 854 consumptum
966 819 1026 844 est.
1072 814 1160 845 Dum
1178 814 1242 846 hec

403 873 512 897 autem
537 866 586 898 sic
611 873 688 898 acta
718 874 804 903 sunt,
830 873 862 898 et
891 867 1073 898 Bertoldus
1105 867 1243 908 Spilim-

401 920 590 961 bergensis,
606 920 663 962 qui
687 920 836 961 presidia
861 921 1025 951 ducturus
1049 920 1094 951 ad
1119 920 1239 952 ducem

402 980 604 1007 accesserat.
620 984 696 1004 cum
721 973 928 1015 octingentis
951 973 1121 1015 equitibus
1144 973 1242 1005 ducis

402 1026 576 1058 Goriciam
594 1027 743 1058 venisset
759 1026 1029 1069 Spilimbergum
1047 1026 1241 1063 intraturus,

399 1081 504 1121 idque
518 1080 694 1121 armigeris
706 1080 843 1111 unionis
861 1087 894 1111 et
907 1079 1133 1121 preloquente
1148 1080 1241 1110 fama

399 1139 432 1163 et
456 1133 592 1163 nunciis
615 1133 846 1163 referentibus
871 1133 962 1163 foret
984 1133 1138 1168 relatum,
1158 1142 1242 1164 con-

399 1185 511 1215 festim
536 1186 580 1216 ad
604 1195 739 1226 passum
764 1185 856 1216 inter
874 1184 1088 1217 Strasoldum
1106 1191 1140 1216 et
1155 1185 1239 1216 Val-

398 1248 560 1269 vasonum
586 1239 792 1279 equitarunt,
817 1249 884 1280 quo
912 1238 1143 1269 verisimiliter
1173 1248 1239 1269 nec

399 1291 540 1322 aliunde
557 1298 717 1332 poterant
729 1292 999 1333 Spilimbergum
1015 1292 1150 1326 intrare,
1165 1302 1240 1332 pre-

399 1344 479 1375 lium
504 1355 580 1376 cum
607 1345 738 1381 emulis,
763 1345 791 1375 si
814 1345 896 1376 inde
921 1345 1090 1381 venerint,
1112 1344 1239 1375 inituri.

398 1397 509 1428 Emuli
534 1404 646 1428 autem
675 1409 736 1438 per
768 1404 900 1430 montes
930 1405 964 1429 et
995 1399 1071 1429 loca
1102 1397 1239 1428 salebra

397 1457 433 1481 ut
455 1457 575 1491 gentes
598 1451 745 1481 vitarent
764 1451 910 1487 unionis,
924 1451 1177 1482 descenderunt
1195 1451 1238 1481 ad

397 1505 548 1544 planum,
572 1505 702 1545 sicque,
730 1505 823 1535 nullo
848 1505 935 1536 viam
960 1505 1081 1535 horum
1106 1514 1239 1545 preme-

397 1557 538 1593 ditante‚
563 1567 670 1598 prope
699 1557 966 1599 Spilimbergum
999 1569 1060 1598 per
1091 1559 1237 1589 miliaria

395 1617 474 1640 octo
498 1620 687 1651 pervenere
710 1611 782 1641 sine
806 1617 924 1647 marte,
955 1618 1101 1642 castrum
1134 1611 1238 1642 intra-

396 1663 459 1693 turi
495 1663 562 1694 nisi
587 1674 645 1695 eos
661 1663 774 1694 fumus
797 1671 994 1695 accusasset
1013 1664 1110 1706 ignis,
1135 1675 1235 1705 quem

395 1715 481 1746 inibi
507 1716 664 1747 domibus
695 1718 914 1748 accederent.
962 1717 1022 1749 Set
1053 1727 1116 1759 per
1147 1719 1237 1760 ignis

395 1769 525 1800 fumum
558 1771 696 1811 cognito
729 1771 875 1801 hostium
908 1771 1071 1809 adventu,
1096 1771 1154 1812 qui
1188 1771 1235 1802 ibi

394 1823 561 1864 reliquum
586 1825 757 1855 sociorum
781 1824 1022 1865 expectabant.
1038 1835 1115 1855 mox
1139 1824 1237 1856 unio-

394 1877 447 1907 nis
471 1876 570 1906 miles
593 1876 725 1919 ingenti
751 1887 827 1908 cum
845 1877 974 1918 impetu
991 1878 1071 1909 illuc
1091 1878 1236 1919 perexit,

394 1929 452 1960 ubi
476 1930 509 1960 in
530 1939 619 1971 equo
636 1931 708 1961 solo
727 1931 807 1961 hinc
831 1930 911 1961 inde
935 1931 1072 1962 structis
1094 1931 1236 1962 aciebus

396 1983 540 2024 prelium
566 1983 686 2013 initum
706 1990 767 2022 est,
785 1992 960 2025 marteque
987 1985 1019 2014 in
1044 1985 1162 2015 hostes
1186 1995 1238 2015 se-

394 2036 509 2067 viente
534 2036 588 2068 bis
611 2036 653 2067 ab
682 2037 756 2067 acie
788 2037 873 2077 pulsi
907 2043 996 2075 sunt,
1028 2038 1234 2079 demumque

393 2088 527 2119 unionis
551 2089 649 2119 miles
673 2096 740 2120 tam
765 2100 800 2120 se
829 2090 974 2121 viriliter
1004 2091 1119 2131 gessit,
1143 2090 1235 2132 quod

393 2142 495 2182 positi
518 2143 554 2173 in
579 2142 774 2174 conflictum
801 2144 913 2173 hostes
937 2150 1033 2185 terga
1057 2149 1135 2174 sunt
1151 2144 1234 2174 dare

394 2194 644 2236 coacti‚ibique
669 2206 711 2225 ex
734 2195 815 2236 ipsis
840 2196 993 2227 hostibus
1018 2203 1250 2227 centum.oc-›

393 2247 543 2279 cubuere
566 2249 778 2290 totidemque
803 2250 907 2290 capti,
932 2249 962 2279 in
994 2249 1116 2291 quibus
1140 2256 1235 2280 nota-

394 2301 480 2332 biles
492 2301 612 2343 viginti
629 2301 738 2339 fuere,
757 2303 837 2343 equi
855 2303 992 2333 ducenti
1012 2313 1088 2333 cum
1109 2302 1234 2333 valisiis

395 2361 429 2385 et
452 2355 578 2385 saumis
603 2356 706 2396 capti.
743 2355 909 2386 Gentibus
932 2356 1027 2386 cuius
1062 2355 1233 2397 magnifici

393 2407 523 2438 domini
554 2409 742 2445 Francisci‚
774 2409 852 2450 quia
877 2409 1055 2440 dominum
1091 2409 1232 2440 Manum

394 2461 473 2491 inde
497 2469 733 2498 revocaverat,
759 2463 959 2502 capitaneus
983 2462 1115 2503 prefuit
1137 2462 1235 2492 miles

393 2514 554 2556 egregius
578 2514 735 2545 dominus
752 2514 947 2555 Be[r]tutius
972 2515 1014 2546 de
1030 2515 1234 2546 Montemel-

391 2565 483 2598 luno.

1311 869 1347 899 lO

1308 1136 1344 1168 15

1304 1406 1344 1436 20

1303 1671 1341 1701 25

1298 2204 1338 2234 35

1299 2468 1338 2497 40

1297 2736 1337 2766 45

1299 2990 1339 3020 50

1726 375 1866 407 REDAZ.
1890 375 1926 407 D

1404 443 1542 483 render,
1567 444 1598 476 el
1623 445 1703 487 qual
1728 445 1839 477 subito
1864 445 1899 476 fo
1922 446 2048 488 getado
2073 445 2107 476 in
2132 447 2239 478 ruina.

1406 497 1516 539 Nanci
1541 498 1607 529 alla
1638 500 1769 539 perdea
1792 499 1849 530 del
1873 499 1953 540 qual
1978 498 2133 535 castello,
2157 499 2240 530 Ber-

1404 550 1511 588 toldo‚
1543 562 1587 582 un
1619 551 1653 582 di
1685 551 1823 593 Signori
1853 551 1897 582 da
1931 550 2174 594 Spilimbergo,
2209 552 2239 583 el

1403 604 1482 646 qual
1499 615 1557 635 era
1574 605 1710 642 dentro,
1727 606 1837 646 poche
1855 612 1956 636 nocte
1974 605 2073 646 nanci
2087 605 2239 647 fucando

1403 667 1465 698 per
1489 657 1583 700 luogi
1605 657 1698 699 aspri
1722 668 1832 689 venne
1849 658 1880 688 al
1897 658 2002 689 castel
2021 658 2063 688 de
2080 658 2239 690 Chucha-

1402 719 1479 752 gna,
1496 716 1530 741 et
1547 710 1591 741 de
1615 710 1637 740 li
1661 721 1696 742 se
1720 711 1810 752 parti
1834 717 1868 742 et
1892 709 1982 741 ando
2005 721 2024 740 a
2050 710 2240 742 domandar

1402 762 1524 794 alturio
1558 764 1590 794 al
1627 763 1720 794 duse.
1766 764 1874 794 Facto
1910 769 2041 805 questo,
2079 769 2174 794 tucta
2207 765 2239 794 la

1401 821 1502 857 gente
1527 816 1570 848 de
1587 815 1683 858 quilli
1699 816 1743 847 da
1759 815 1991 857 Spilimbergo
2012 826 2122 847 venne
2146 827 2240 857 pres-

1401 879 1439 900 so
1465 869 1495 900 al
1520 870 1627 900 castel
1651 870 1694 900 de
1719 868 1885 912 Cuchola,
1910 870 1941 900 el
1965 870 2044 911 qual
2075 879 2135 900 era
2157 869 2240 901 assi-

1402 921 1517 959 diado,
1542 922 1572 952 el
1597 923 1675 964 qual
1701 923 1806 954 castel
1838 933 1895 954 era
1924 923 1959 953 in
1984 928 2098 954 monte
2123 922 2238 963 pocho

1401 974 1493 1016 longi
1526 982 1559 1006 et
1589 985 1691 1006 sovra
1723 975 1834 1007 Civial
1868 982 1901 1006 et
1934 975 1991 1006 dai
2025 975 2171 1007 citadini
2195 976 2239 1007 de

1402 1027 1516 1069 quella
1540 1034 1629 1059 terra
1652 1029 1755 1060 molto
1779 1029 1916 1066 odiado,
1941 1035 1974 1060 et
1990 1028 2013 1058 li
2029 1034 2117 1060 stete
2133 1034 2239 1066 tanto,

1402 1080 1466 1111 che
1499 1080 1520 1110 'l
1551 1081 1725 1122 capitanio
1749 1082 1807 1113 del
1831 1082 1945 1124 luogo,
1976 1091 2020 1112 no
2052 1091 2094 1123 ge
2118 1081 2238 1112 siando

1402 1134 1492 1164 dado
1510 1133 1538 1164 el
1554 1133 1706 1165 subsidio
1719 1135 1751 1166 al
1764 1141 1918 1166 termene
1932 1135 2127 1177 assignado‚
2140 1144 2238 1166 como

1400 1186 1466 1218 ello
1486 1192 1683 1227 aspectava,
1709 1187 1763 1218 de’
1789 1188 1820 1218 el
1845 1187 1938 1219 dicto
1963 1187 2105 1218 castello
2129 1187 2160 1218 al
2180 1197 2240 1228 pa-

1399 1239 1553 1270 triarcha
1584 1247 1618 1270 et
1648 1241 1679 1271 ai
1708 1240 1857 1271 Furlani.
1903 1240 1945 1271 El
1977 1241 2056 1282 qual
2085 1239 2238 1278 castello,

1400 1292 1561 1324 instando
1593 1293 1696 1324 molto
1728 1293 1822 1334 quilli
1852 1293 1895 1324 de
1920 1293 2042 1331 Civial‚
2067 1292 2177 1324 subito
2201 1292 2238 1324 fo

1400 1344 1558 1376 brusado.
1605 1346 1644 1377 In
1662 1346 1777 1388 quello
1802 1348 1866 1377 che
1885 1353 2002 1388 queste
2029 1356 2108 1377 cose
2132 1356 2168 1376 se
2188 1346 2240 1377 fa-

1399 1408 1468 1436 sea,
1493 1399 1670 1436 Bertoldo,
1694 1399 1725 1430 el
1750 1399 1830 1441 qual
1855 1409 1915 1430 era
1937 1399 2027 1430 anda
2057 1400 2088 1430 al
2112 1399 2195 1430 duse
2219 1409 2239 1430 a

1399 1451 1590 1482 domandar
1621 1452 1781 1489 subsidio,
1813 1462 1877 1484 con
1905 1453 2029 1483 cavalli
2063 1459 2238 1483 ottocento

1399 1515 1503 1546 conce
1517 1516 1536 1536 a
1553 1506 1691 1547 Gorica,
1708 1516 1770 1546 per
1782 1505 1890 1536 intrar
1903 1515 1968 1536 con
1982 1505 2012 1536 la
2028 1505 2120 1536 (licta
2134 1511 2238 1547 gente

1398 1557 1521 1589 dentro
1539 1557 1583 1589 da
1597 1558 1839 1601 Spilimbergo.
1885 1558 1936 1589 La
1951 1558 2028 1600 qual
2045 1568 2125 1589 cosa
2137 1559 2164 1589 si
2178 1569 2240 1600 per

1400 1611 1488 1642 fania
1505 1611 1531 1642 si
1551 1622 1611 1652 per
1629 1612 1725 1643 messi
1743 1611 1863 1643 siando
1893 1611 2043 1654 viguuda
2064 1623 2084 1642 a
2109 1611 2239 1643 noticia

1397 1663 1488 1696 della
1505 1671 1608 1707 gente
1627 1665 1719 1696 della
1733 1666 1850 1702 union,
1867 1665 1978 1697 subito
1994 1665 2004 1695 i
2023 1664 2188 1696 cavalchb
2206 1665 2239 1696 al
2267 1663 2276 1669 ’

1399 1727 1500 1759 passo
1511 1723 1560 1749 tra
1571 1716 1749 1750 Strasoldo
1763 1724 1796 1750 et
1809 1718 1981 1749 Valvason
1994 1729 2056 1758 per
2068 1728 2160 1749 esser
2171 1718 2238 1749 alle

1398 1780 1473 1800 man
1484 1780 1549 1801 con
1561 1769 1592 1800 le
1604 1769 1696 1800 dicte
1710 1775 1821 1811 gente,
1835 1769 1962 1811 peschi„¹
1975 1768 2240 1800 verisimelmen-

1397 1829 1428 1854 te
1441 1822 1497 1853 elli
1513 1832 1556 1853 no
1570 1823 1682 1853 dovea
1696 1832 1758 1863 per
1770 1822 1857 1854 altra
1872 1823 1925 1853 via
1938 1822 2045 1853 intrar
2058 1822 2180 1853 dentro
2194 1822 2239 1854 da

1396 1876 1640 1918 Spilimbergo.
1672 1875 1732 1907 Ma
1754 1876 1956 1907 alti-amente
1979 1875 2141 1913 succede,
2173 1875 2237 1906 che

1396 1929 1560 1961 Bertoldo
1586 1931 1629 1960 da
1653 1929 1883 1970 Spilimbergo
1907 1939 1970 1960 con
1997 1929 2027 1959 le
2053 1934 2157 1970 gente
2181 1928 2237 1959 del

1395 1982 1489 2020 duse,
1507 1982 1637 2023 acoche
1656 1982 1723 2013 ello
1740 1981 1887 2013 scivasse
1906 1981 1938 2012 la
1957 1987 2061 2023 gente
2079 1981 2168 2012 della
2185 1991 2238 2013 so-

1395 2037 1544 2067 vraditta
1567 2035 1683 2072 rinion,
1707 2045 1770 2076 per
1792 2035 1898 2066 monti
1923 2040 1956 2065 et
1972 2035 2065 2077 luogi
2082 2035 2236 2065 silvestre

1395 2099 1507 2120 venne
1521 2090 1553 2119 al
1567 2089 1670 2130 piano
1684 2099 1746 2129 per
1759 2088 1823 2124 via,
1837 2088 1901 2118 che
1914 2088 2011 2118 nisun
2025 2098 2060 2119 se
2074 2097 2236 2128 pensava,

1394 2152 1509 2182 presso
1527 2141 1760 2183 Spilimbergo
1775 2142 1881 2171 miara
1898 2146 1968 2172 otto
1985 2151 2088 2182 serica
2112 2139 2236 2171 bataia.

1395 2195 1437 2226 Et
1450 2196 1519 2226 cosi
1536 2206 1654 2225 serave
1672 2195 1705 2225 in
1719 2195 1751 2225 lo
1766 2194 1858 2226 dicto
1872 2195 1975 2236 luogo
1990 2195 2023 2226 di
2037 2194 2237 2236 Spilimber-

1394 2259 1437 2290 go
1464 2248 1602 2284 intradi‚
1619 2258 1654 2278 se
1681 2247 1699 2277 'l
1725 2249 1820 2278 fumo
1845 2257 1888 2278 no
1912 2247 1943 2277 ie
1969 2248 2110 2278 havesse
2134 2257 2237 2279 accu-

1392 2301 1466 2332 sadi
1491 2300 1534 2331 de
1559 2300 1682 2341 alguue
1700 2311 1791 2337 case,
1815 2300 1879 2330 che
1903 2300 1959 2330 elli
1976 2300 2079 2332 bruso
2097 2311 2158 2342 per
2182 2300 2236 2331 far

1393 2363 1501 2396 segno
1523 2354 1554 2384 ai
1583 2354 1780 2395 compagni,
1808 2353 1818 2383 i
1850 2353 1941 2394 quali
1975 2353 1984 2383 i
2015 2354 2144 2395 segnia.
2189 2352 2234 2384 Al

1393 2407 1473 2448 qual
1509 2407 1610 2448 luogo
1651 2406 1762 2437 subito
1806 2417 1905 2437 corse
1946 2407 1977 2436 la
2015 2413 2118 2447 gente
2157 2406 2235 2438 dela

1394 2461 1511 2496 union,
1537 2466 1568 2490 et
1595 2460 1614 2489 li
1638 2459 1671 2490 in
1697 2459 1799 2500 piana
1817 2467 1907 2490 terra
1925 2459 2018 2490 facte
2045 2459 2074 2489 le.
2099 2458 2234 2490 schiere

1393 2513 1438 2545 da
1461 2523 1529 2543 una
1554 2518 1649 2553 parte
1682 2518 1715 2544 et
1747 2513 1790 2543 da
1823 2513 1945 2549 l’altra,
1978 2513 2010 2543 la
2034 2510 2144 2554 'gente
2176 2511 2233 2544 del

1394 2566 1478 2597 duee
1503 2566 1548 2596 do
1573 2566 1662 2597 volte
1686 2566 1722 2596 fo
1746 2566 1867 2607 cacadi
1885 2565 1927 2596 de
1945 2565 2079 2596 schiera
2102 2571 2146 2602 et,
2169 2575 2234 2606 pur

1393 2619 1529 2655 refacti,
1555 2618 1584 2649 al
1613 2619 1656 2649 tin
1682 2619 1718 2649 fo
1746 2618 1950 2656 sconticti‚sl
1973 2617 2168 2648 virilmente
2196 2627 2232 2648 se

1393 2671 1492 2712 porto
1516 2672 1547 2701 la
1579 2677 1684 2712 gente
1716 2670 1807 2701 della
1832 2671 1949 2707 union,
1974 2678 2008 2702 et
2032 2671 2068 2701 fo
2094 2669 2185 2711 presi
2210 2669 2233 2700 li

1394 2730 1496 2755 cento
1521 2723 1612 2754 della
1636 2730 1739 2765 gente
1766 2724 1822 2754 del
1846 2724 1938 2754 dicto
1963 2723 2047 2754 duse
2072 2729 2106 2754 et
2130 2722 2232 2754 altra-

1393 2777 1476 2808 tanti
1498 2776 1608 2816 morti,
1633 2777 1668 2807 in
1693 2776 1714 2806 li
1732 2776 1823 2818 quali
1847 2776 1883 2808 fo
1910 2776 1992 2807 vinti
2010 2775 2128 2812 nobili,
2145 2781 2179 2806 et
2194 2775 2231 2806 {0

1394 2839 1495 2870 preso
1520 2829 1643 2860 cavalli
1669 2830 1815 2860 clusento
1841 2840 1904 2860 con
1937 2829 2040 2860 valise
2066 2835 2100 2860 et
2126 2839 2230 2860 some.

1394 2883 1444 2913 Fo
1475 2882 1582 2912 allora
1613 2882 1787 2923 capitanio
1811 2881 1904 2913 delle
1935 2888 2039 2925 gente
2075 2881 2131 2913 del
2161 2891 2233 2912 ma·-

1393 2935 1520 2978 gnifico
1553 2936 1671 2976 signor
1701 2935 1824 2966 mesier
1855 2935 2052 2966 Francesco
2082 2934 2128 2966 da
2150 2933 2233 2966 Car-

1393 2999 1470 3019 rara
1494 2988 1618 3019 mesier
1641 2986 1814 3031 Berthuco
1831 2989 1876 3020 da
1891 2988 2011 3020 Monte
2027 2986 2159 3025 Melon,
2176 2996 2233 3018 ca-
