2422 3684
744 382 880 414 REDAz.
905 382 938 414 A

421 453 571 494 perfecit
593 453 806 496 munivitque
831 454 925 485 fossa
948 459 981 484 et
1005 453 1106 490 vallo,
1131 453 1263 484 victua-

420 507 507 538 libus
533 516 572 538 ac
598 507 690 544 viris,
707 517 773 548 que
789 518 858 537 non
876 507 986 538 minus
1004 505 1140 537 Mutine
1161 516 1261 547 quam

421 560 544 591 bastita
559 559 695 591 Solarie
714 571 842 591 nocens
868 570 940 591 esse
965 560 1180 602 vulgabatur.
1210 560 1262 590 Ex

421 624 488 656 quo
512 623 598 655 gens
621 613 759 645 unionis
791 623 827 645 se
852 614 955 645 traxit
982 614 1017 644 in
1049 612 1263 644 bononiense

421 666 540 706 solum,
571 667 767 703 intendenS,
799 674 835 698 ut
867 667 1055 702 ferebatur,
1093 666 1126 696 in
1161 665 1263 697 castri

421 718 634 761 Crepalcorii
658 719 836 752 obsidione
860 720 1054 761 persistere.

509 826 583 858 237.
617 845 647 848 —
674 826 751 863 Vix,
769 825 812 856 de
837 825 961 867 quibus
977 836 1087 867 nuper
1104 826 1263 863 diximus,

420 879 617 911 iocunditas
641 879 772 910 exierat
795 878 1006 919 nuptiarum,
1031 889 1106 910 curn
1132 879 1264 920 magni-

421 934 504 964 ficus
527 931 679 963 Karolus
703 931 891 963 Ubertinus
913 931 957 962 de
983 931 1143 962 Carraria
1167 931 1261 962 clare

421 985 547 1016 indolis
558 991 725 1026 tempore,
745 985 823 1015 licet
837 984 978 1019 iuvenis,
996 984 1130 1016 actibus
1146 994 1274 1028 senex,

421 1039 608 1070 canonicus
632 1039 822 1079 paduanus,
846 1038 954 1068 frater
982 1037 1178 1080 magnificis
1203 1037 1264 1068 do-

420 1092 522 1122 minis
545 1091 735 1122 Francisco
761 1100 803 1121 ex
826 1096 934 1131 patre,
959 1089 1119 1122 Mai-silio
1145 1097 1178 1122 et
1204 1090 1264 1121 Ni-

420 1145 517 1176 colao
542 1145 584 1175 de
601 1144 759 1175 Carraria
778 1154 821 1174 ex
837 1149 984 1185 utroque
1002 1150 1158 1185 parente,
1175 1144 1264 1186 egri-

420 1198 538 1229 tudine
563 1203 743 1237 correptus
763 1203 826 1234 est,
850 1207 928 1238 qua,
953 1197 1035 1228 licet
1053 1197 1144 1228 omni
1165 1207 1263 1238 repa-

420 1258 529 1282 ratum
554 1251 596 1281 sit
619 1250 732 1281 studio
757 1257 791 1281 et
817 1259 893 1290 ope,
918 1250 1055 1281 tandem
1084 1257 1263 1290 superatus

419 1303 593 1335 occubuit.
641 1303 704 1334 Hic
737 1314 817 1334 sane
848 1303 981 1334 iuvenis
1012 1309 1107 1333 tanta
1131 1313 1260 1334 morum

419 1363 599 1388 venustate
631 1357 789 1392 decorus,
817 1362 909 1387 tanta
941 1366 1114 1387 sacrarum
1147 1356 1261 1397 legum

419 1410 566 1441 imbutus
582 1410 745 1446 sciencia,
768 1415 861 1440 tanta
881 1409 1009 1450 eloquii
1030 1409 1262 1440 decorositate

419 1463 584 1504 preditus,
598 1469 798 1503 tantumque
812 1473 870 1493 sue
889 1462 978 1492 fame
996 1462 1062 1492 iam
1079 1462 1262 1493 redolebat

419 1516 634 1557 preconium,
649 1515 742 1556 quod
754 1516 877 1556 ipsum,
897 1526 960 1545 nec
979 1515 1157 1551 immerite,
1174 1526 1263 1546 sum-

419 1580 492 1599 mus
517 1569 673 1610 pontifex
699 1567 861 1600 Urbanus
881 1569 1021 1609 quintus
1038 1569 1263 1610 adoptaverat

419 1622 449 1652 in
479 1623 592 1653 lilium.
639 1622 747 1653 Cuius
771 1628 914 1652 mortem
942 1632 1009 1652 non
1041 1627 1171 1652 tantum
1204 1632 1262 1653 ne—

420 1675 568 1712 cessarii,
594 1682 642 1706 set
668 1676 763 1717 qnasi
788 1675 943 1706 comunis
960 1674 1018 1705 tilii
1035 1680 1107 1706 tota
1125 1681 1262 1715 patava‚

418 1729 451 1759 in
476 1739 576 1770 quem
601 1738 695 1768 spem
722 1738 791 1759 non
815 1727 986 1759 modicam
1011 1728 1078 1758 iam
1099 1739 1263 1769 reposue-

419 1790 481 1823 rat,
507 1783 594 1814 luxit
618 1783 751 1814 civitas.

506 1890 581 1921 238.
606 1907 647 1912 —
671 1889 757 1922 Cum
783 1899 819 1920 se
851 1896 972 1931 gentes
1004 1890 1260 1931 colligatorum,

419 1950 454 1975 nt
483 1944 647 1984 scriptum
680 1949 740 1980 est,
773 1942 954 1974 traxissent
986 1944 1020 1973 in
1047 1943 1260 1974 bononiense

418 1997 525 2028 solum
556 1996 790 2028 sollicitudine
822 1996 963 2027 Feltrini
995 1996 1178 2037 capitanei,
1211 1997 1261 2027 ef-

419 2050 547 2081 fectum
574 2055 625 2080 est
649 2050 742 2090 quod
768 2056 881 2079 castra
897 2050 1057 2090 quedam,
1073 2059 1140 2090 que
1158 2049 1264 2080 bono-

418 2102 593 2134 niensibus
617 2102 651 2132 in
677 2102 867 2133 montaneis
884 2102 1100 2136 defecerant.
1126 2113 1191 2134 non
1218 2103 1260 2140 vi,

418 2155 490 2192 sed,
515 2166 582 2197 qua
607 2165 647 2186 ea
671 2165 789 2196 preses
820 2153 998 2185 Bernabos
1030 2154 1262 2196 acquisiverat

418 2208 608 2240 rebellione
631 2209 816 2244 mediante,
842 2206 1108 2239 Bononiensium
1127 2207 1263 2239 reddita

419 2267 497 2292 sunt
521 2261 663 2293 dicioni.

508 2370 581 2399 240.
615 2387 654 2391 —
687 2369 767 2406 Quo
802 2374 956 2408 tempore
992 2368 1114 2399 civitas
1145 2367 1262 2399 Esculi

420 2421 564 2452 rectoris
595 2421 737 2457 sevicia,
768 2419 879 2438 *³²³*
914 2421 1040 2461 Ispani.
1071 2421 1117 2452 ad
1151 2420 1262 2451 rebel-

419 2475 545 2506 lionem
571 2474 747 2515 compulsa
764 2474 806 2505 ab
825 2474 985 2505 Ecclesia
1002 2474 1143 2506 defecit.
1179 2474 1259 2512 Quo

419 2538 485 2559 non
516 2527 689 2558 modicum
723 2527 853 2569 legatus
884 2527 1045 2563 hesitans,
1068 2528 1104 2558 id
1131 2527 1260 2558 domini

421 2581 634 2612 Bernabonis
658 2580 827 2611 arbitrans
850 2590 956 2621 opera
980 2581 1199 2621 processisse,
1222 2580 1263 2610 il-

421 2634 489 2664 lico
504 2634 598 2671 illuc,
615 2644 699 2674 quas
716 2633 876 2670 habebat,
900 2639 1022 2675 gentes
1038 2640 1072 2664 et
1098 2632 1262 2674 requisita

421 2686 658 2727 colligatorum
683 2686 864 2728 suffragia,
888 2686 983 2717 iussit
1010 2687 1175 2728 equitare.
1222 2685 1261 2716 In

421 2751 522 2781 qnam
548 2739 781 2777 rebellionem,
795 2750 862 2770 non
887 2745 922 2770 ut
938 2739 982 2770 ab
999 2739 1157 2770 Ecclesia
1173 2738 1262 2770 defi-

422 2800 548 2831 cerent,
566 2793 658 2823 cives
674 2793 792 2823 Escnli
809 2792 963 2834 prolapsi
982 2793 1132 2829 fuerant,
1149 2792 1209 2823 sed
1226 2797 1263 2822 ut

422 2851 515 2876 tanta
537 2846 686 2876 rectoris
710 2845 938 2876 liberarentur
966 2845 1182 2877 crudelitate.
1229 2843 1262 2874 A

421 2898 544 2939 quibus
566 2898 757 2939 presentito
782 2905 901 2929 contra
925 2908 984 2930 eos
1005 2899 1159 2940 gentium
1191 2897 1262 2928 col-

509 3021 533 3043 4.
555 3012 708 3043 vulgabant
728 3012 759 3034 M
778 3025 807 3028 Α
833 3019 872 3042 19.
893 3011 1097 3035 dulcorositate
1119 3011 1152 3033 M'

1332 927 1369 957 10

1332 1189 1367 1220 15

1327 1456 1367 1486 20

1328 1720 1367 1751 25

1327 2041 1368 2072 30

1326 2355 1365 2388 35

1325 2623 1366 2653 40

1325 2884 1365 2916 45

1744 381 1884 414 ΚΕΒΑΖ.
1910 381 1947 413 D

1511 821 1587 855 237.
1613 841 1658 845 —
1690 822 1813 864 Apena
1845 834 1904 854 era
1935 823 2081 865 passada
2113 822 2144 853 la
2175 823 2264 856 festa

1425 874 1515 906 delle
1539 885 1638 918 noce,
1661 877 1725 908 che
1749 876 1770 907 i’
1796 877 1815 907 ὸ
1832 877 1963 918 scripto
1981 877 2022 907 de
2040 887 2152 914 sovra,
2169 876 2262 908 delle

1423 928 1547 960 sorelle
1571 928 1628 960 del
1651 930 1833 972 magnifico
1856 929 1973 971 signor
2004 929 2126 960 mesier
2157 930 2264 961 Fran—

1425 991 1528 1013 cesco
1551 982 1586 1013 di
1610 982 1767 1021 Carrara,
1792 985 1856 1014 che
1886 984 1906 1014 'l
1930 983 2115 1026 magnifico
2138 983 2263 1015 mesier

1423 1034 1531 1066 Karlo
1557 1034 1714 1072 Ubertin,
1738 1046 1775 1067 so
1802 1036 1889 1067 frelo
1915 1037 1958 1066 da
1981 1041 2078 1077 parte
2107 1036 2150 1067 de
2181 1046 2263 1076 pare

1425 1093 1459 1118 et
1481 1087 1524 1118 de
1548 1098 1658 1119 meser
1682 1088 1838 1119 Marsilio
1867 1095 1899 1119 et
1930 1088 2054 1120 Nicolo
2088 1089 2132 1119 da
2166 1094 2262 1129 parte

1424 1139 1467 1171 de
1486 1151 1565 1181 pare
1582 1147 1616 1172 et
1633 1140 1676 1172 de
1693 1151 1798 1179 mare,
1823 1152 1858 1173 se
1879 1142 2003 1178 amalo,
2022 1141 2054 1172 al
2071 1142 2162 1183 qual,
2181 1141 2264 1173 ben-

1424 1193 1488 1224 che
1514 1195 1604 1225 fosse
1621 1196 1741 1235 repara
1760 1205 1823 1226 con
1842 1195 1922 1237 ogni
1940 1194 2116 1226 medesina
2141 1202 2173 1226 et
2195 1202 2262 1226 stu-

1425 1247 1492 1283 dio,
1510 1258 1583 1288 pur,
1597 1248 1713 1279 vincto
1726 1247 1818 1280 dalla
1835 1249 1984 1285 malatia,
2002 1248 2100 1289 passo
2118 1248 2161 1279 de
2182 1258 2264 1290 que-

1423 1306 1473 1330 sta
1487 1300 1565 1332 vita.
1598 1299 1642 1331 Et
1660 1301 1695 1332 fo
1709 1301 1740 1332 el
1754 1301 1846 1333 dicto
1864 1312 1994 1343 ‚covene
2009 1301 2036 1331 si
2051 1302 2262 1338 costumado,

1424 1352 1448 1383 si
1474 1353 1631 1393 profecto
1655 1353 1688 1383 in
1705 1354 1869 1391 sciencia,
1888 1360 1921 1385 et
1945 1365 2002 1385 era
2026 1354 2051 1385 si
2075 1354 2205 1396 grande
2232 1356 2263 1384 ia

1424 1405 1515 1436 fama
1528 1406 1620 1437 della
1633 1416 1668 1437 so
1682 1407 1790 1444 vertis,
1805 1407 1869 1437 che
1883 1406 2003 1438 Urban
2019 1406 2150 1448 quinto,
2167 1416 2262 1438 sumo

1424 1459 1598 1499 pontifico,
1625 1469 1660 1491 se
1692 1459 1724 1491 lo
1757 1459 1865 1491 havea
1897 1460 2073 1500 adoptado
2106 1459 2139 1490 in
2171 1459 2260 1491 fiolo.

1424 1512 1524 1543 Della
1547 1519 1654 1544 morte
1678 1514 1732 1544 del
1768 1514 1846 1555 qual
1878 1524 1922 1544 no
1951 1513 2139 1544 solamente
2168 1513 2178 1543 i
2202 1523 2262 1554 pa-

1423 1566 1523 1603 renti,
1547 1576 1602 1597 ma
1625 1572 1712 1598 tutta
1737 1565 1768 1596 la
1792 1566 1869 1605 cita,
1895 1566 1991 1607 quasi
2017 1576 2114 1598 conio
2140 1566 2183 1597 de
2203 1576 2262 1598 co-

1423 1629 1504 1650 mun
1527 1619 1615 1660 tiolo,
1641 1630 1682 1650 en
1708 1619 1754 1650 te’
1777 1620 2005 1660 grandissimo
2029 1620 2158 1660 pianto.

1511 1887 1584 1918 238.
1609 1904 1649 1908 -
1673 1885 1712 1917 In
1729 1886 1844 1928 quello
1863 1885 1927 1916 che
1945 1885 1974 1915 la
1993 1891 2097 1927 gente
2116 1886 2173 1916 del
2191 1897 2261 1916 ma-

1421 1940 1548 1982 gnifico
1564 1939 1680 1983 signor
1697 1940 1819 1971 mesier
1836 1939 2031 1970 Francesco
2053 1939 2096 1969 da
2111 1939 2261 1970 Carrara

1423 2000 1456 2025 et
1480 1993 1535 2024 dei
1557 1992 1634 2024 altri
1659 1992 1785 2034 colliga
1808 2002 1844 2023 se
1876 2003 1934 2023 era
1967 1991 2065 2023 tracti
2099 1992 2133 2023 in
2165 1992 2263 2024 bolo-

1422 2055 1539 2088 gnese,
1552 2052 1646 2077 tanta
1670 2045 1706 2076 fo
1732 2046 1763 2076 la
1787 2045 2028 2078 sollicitudene
2054 2045 2110 2076 del
2129 2045 2260 2086 capita-

1423 2099 1480 2130 nio
1504 2098 1624 2130 mesier
1648 2098 1790 2136 Feltrin,
1816 2098 1880 2129 che
1904 2097 2018 2140 alguni
2045 2097 2175 2129 castelli
2203 2098 2259 2130 del

1422 2152 1610 2194 bolognese
1634 2152 1669 2182 in
1693 2157 1889 2193 montagna‚
1914 2153 1978 2181 che
2003 2162 2038 2182 se
2072 2151 2184 2182 havea
2215 2151 2258 2182 da

1423 2215 1441 2236 a
1464 2204 1588 2236 mesier
1611 2203 1781 2241 Bernabc'),
1806 2205 1942 2235 retorno
1961 2204 2027 2234 alla
2043 2203 2198 2246 signoria
2224 2204 2258 2235 di

1422 2258 1507 2290 dicti
1538 2257 1733 2300 Bolognesi.

1508 2364 1583 2396 239.
1606 2381 1651 2386 --
1673 2363 1725 2394 En
1747 2369 1867 2404 questo
1903 2369 2017 2404 tempo
2052 2363 2084 2393 la
2116 2362 2182 2394 cita
2215 2363 2258 2394 de
2304 2382 2310 2387 ·

1421 2417 1539 2450 Asculi
1563 2428 1624 2458 per
1648 2416 1816 2448 crudelita
1841 2416 1895 2448 del
1921 2427 1957 2447 so
1976 2423 2100 2453 rector,
2118 2417 2181 2448 elie
2199 2426 2258 2448 era

1420 2470 1598 2513 spagnolo,
1621 2469 1750 2501 revello
1775 2470 1842 2500 alla
1867 2469 2002 2501 Ghiesa.
2052 2469 2152 2500 Della
2175 2470 2257 2511 qual

1420 2534 1500 2556 cosa
1523 2521 1713 2554 dubitando
1738 2522 1844 2552 molto
1869 2522 1900 2552 el
1927 2522 2050 2564 legato,
2082 2521 2257 2564 crecando

1422 2578 1486 2608 che
1509 2582 1628 2617 questo
1653 2575 1742 2606 fosse
1760 2575 1914 2615 procedii
1930 2585 1992 2616 per
2016 2585 2100 2606 ovra
2118 2575 2161 2606 de
2186 2585 2256 2606 me-

1420 2630 1488 2661 sier
1510 2627 1679 2664 Bernabo,
1696 2627 1808 2658 subito
1825 2627 1855 2658 el
1873 2628 2001 2669 requiri
2026 2627 2148 2659 alturio
2166 2627 2258 2659 della

1420 2688 1520 2725 gente
1538 2681 1595 2713 del
1612 2681 1796 2723 magnifico
1822 2681 1937 2722 signor
1961 2681 2084 2712 mesier
2108 2681 2258 2712 France-

1419 2746 1477 2768 sco
1503 2737 1547 2767 da
1569 2733 1717 2765 Carrara
1741 2740 1775 2765 et
1799 2734 1852 2765 dei
1881 2734 1957 2765 altri
1975 2734 2115 2776 colligit,
2132 2740 2166 2764 et
2191 2744 2256 2766 con

1421 2790 1452 2820 le
1477 2788 1563 2819 altre
1587 2798 1623 2819 so
1646 2793 1749 2830 gente
1775 2788 1783 2817 i
1804 2787 1847 2817 fe*
1865 2787 2075 2818 chavalchar
2099 2787 2131 2818 121
2160 2786 2255 2829 quilli

1420 2841 1586 2873 d’Ascoli.
1629 2840 1773 2872 Sentido
1792 2840 1855 2871 che
1875 2840 1904 2870 la
1922 2846 2024 2881 gente
2042 2839 2076 2871 di
2095 2839 2256 2882 colligadi

1420 2895 1576 2936 ivegnia
1607 2894 1740 2930 adosso,
1770 2892 1883 2925 subito
1910 2893 2093 2924 abandons
2124 2893 2156 2924 la
2188 2891 2256 2924 cita

1509 3013 1518 3030 1
1525 3006 1548 3031 6.
1569 3006 1699 3030 malastia
1723 3007 1750 3030 I'

2403 3394 2422 3491 ..1355
2408 3120 2422 3382 —znssm-fl--ss
2410 3021 2422 3105 -;-„
2417 2967 2422 2985 .-
2414 2919 2422 2950 ’.Δ
2418 2827 2422 2870 Α-..
