2422 3684
403 220 446 256 14
749 219 922 256 GESTA
952 219 1258 256 MAGNIFICA
1290 220 1472 256 DOMUS
1503 219 1891 257 CARRARIENSIS

394 352 462 383 suis
486 352 605 393 pocius
630 362 731 393 quam
757 352 791 382 in
816 352 955 383 civitate
981 351 1193 390 habitabant,
1217 352 1445 383 familiaribus
1469 357 1503 383 et
1526 352 1625 394 equis
1649 357 1683 384 et
1699 352 1801 384 armis
1824 353 2019 394 premuniti.
2064 353 2232 385 Exulibus

394 406 437 437 ab
461 405 626 448 Eccelino
650 405 790 436 Patavis
812 405 1004 437 subsidium
1027 415 1069 436 ac
1093 410 1202 436 totum
1220 405 1414 446 hospicium
1439 416 1543 446 opum
1561 416 1695 436 suarum
1719 405 1883 437 liberales
1898 416 1939 437 ac
1962 405 2126 443 munifici,
2142 405 2231 448 vigi-

395 458 445 490 les
467 458 512 489 ad
536 468 757 499 personarum
781 468 917 489 suarum
941 464 976 489 et
1000 459 1153 488 locorum
1171 458 1374 495 custodiam,
1391 463 1587 500 magnatum
1605 458 1754 489 omnium
1772 458 1923 490 civitatis
1941 458 2116 490 amicicias
2140 459 2232 491 cole-

395 511 488 543 bant.
536 511 594 543 Sic
618 517 652 543 et
674 510 739 553 ipsi
764 512 860 553 quasi
884 511 1013 542 domini
1038 511 1250 549 colebantur,
1275 521 1340 543 nec
1363 511 1545 549 immerite,
1577 521 1655 542 cum
1686 512 1729 542 ad
1760 522 1854 543 suam
1886 511 2099 553 postulantes
2130 522 2232 554 opem

395 564 601 606 cuicumque
625 574 727 607 quam
750 564 897 596 maximo
922 563 1113 596 discrimini
1137 563 1284 596 divicias
1308 564 1465 606 proprias
1489 569 1705 605 exponerent
1728 570 1762 597 et
1785 574 1979 606 personam.
2278 564 2297 596 5

636 697 699 730 XI.
724 719 763 724 —
788 697 931 730 Domini
951 698 1126 739 Antonius,
1150 698 1278 731 Petrus
1303 697 1431 736 Comes,
1454 697 1629 730 Henricus
1651 698 1760 730 dictus
1782 698 1999 731 Francz'scus.

485 788 538 818 21.
564 786 642 827 [34].
671 807 711 811 —
735 785 837 818 Anno
862 786 999 819 Domini
1026 786 1243 819 MCCLVIII
1276 787 1416 818 domino
1447 786 1593 819 Albrico
1624 787 1735 818 Leoni
1763 786 1826 818 filii
1856 792 2107 819 successerunt.
2154 786 2233 819 Viri

397 840 608 883 magnanimi
632 850 672 872 ac
695 840 866 877 liberales
891 840 1162 882 possessionibus
1186 847 1221 872 et
1243 841 1386 872 aliarum
1412 851 1515 882 opum
1540 840 1731 872 affluencia
1755 840 1922 878 ditissimi,
1947 842 2075 872 amicos
2098 841 2132 872 in
2151 841 2235 873 civi-

397 900 467 925 tate
493 893 618 925 multos
640 893 774 925 nobiles
798 893 1028 933 ha[b]uerunt,
1054 894 1208 935 quamvis
1232 894 1388 936 Eccelini
1412 894 1534 925 timore
1552 893 1713 925 libentius
1730 904 1832 936 quam
1848 894 1882 924 in
1901 894 2042 925 civitate
2066 893 2100 923 in
2117 904 2235 925 eorum

399 947 521 978 castris
543 936 748 978 habitarent.
793 946 833 977 In
858 946 1112 978 venacionibus
1135 953 1169 978 et
1192 947 1353 988 aucupiis
1377 947 1512 984 assidui,
1536 947 1763 978 familiaribus
1787 946 1919 978 idoneis
1936 947 2111 983 delectati,
2129 956 2236 988 equos
2264 947 2301 978 10

398 1000 600 1031 delexerunt
623 1006 656 1031 et
680 1011 788 1031 arma:
814 1001 950 1031 domum
975 1010 1110 1041 semper
1134 1000 1327 1031 habuerunt
1343 999 1598 1031 transeuntibus
1615 1006 1782 1041 apertam,
1799 1011 1902 1041 opum
1920 1010 2054 1031 suarum
2072 999 2238 1041 expendi-

398 1059 502 1090 tores,
526 1053 663 1095 prodigi
687 1053 723 1084 in
747 1053 915 1084 conviviis
939 1059 972 1084 et
996 1052 1364 1094 commensacionibus,
1389 1053 1517 1084 curiam
1542 1053 1640 1094 quasi
1662 1052 1826 1085 tenebant
1850 1053 2058 1095 generalem.

773 1186 851 1219 XII.
877 1205 916 1208 —
941 1186 1085 1218 Domini
1108 1186 1281 1223 Iohannes,
1307 1186 1446 1219 Iacobus
1469 1190 1502 1218 et
1525 1184 1700 1218 lacobinus
1715 1186 1863 1228 fratres.

488 1278 538 1307 22.
557 1275 631 1316 [56].
658 1294 697 1298 ——
722 1275 826 1307 Anno
852 1275 987 1307 Domini
1012 1274 1211 1306 MCCLXII
1230 1275 1289 1305 filii
1307 1275 1542 1316 suprascripto
1560 1275 1700 1306 domino
1716 1275 1844 1307 Iacobo
1862 1281 2114 1306 successerunt.
2158 1270 2237 1306 'Viri

399 1329 434 1359 in
459 1329 543 1360 urbe
567 1335 754 1368 magnates
779 1328 916 1369 publice
940 1339 1042 1370 qnam
1067 1329 1207 1369 proprie
1232 1328 1418 1359 innitentes
1433 1328 1579 1364 utilitati,
1604 1327 1768 1359 nobilium
1785 1327 1965 1359 amicicias
1981 1328 2178 1364 coluerunt3
2195 1327 2240 1359 ad
2267 1328 2304 1359 15

398 1392 639 1422 oppressorum
666 1381 819 1413 subsidia
843 1381 1096 1422 promptissimi,
1121 1381 1229 1411 nichil
1253 1381 1371 1422 utique
1396 1381 1633 1421 formidantes,
1658 1382 1749 1422 quod
1766 1380 1874 1422 patrie
1899 1382 2041 1412 cederet
2064 1382 2099 1412 in
2124 1391 2242 1412 como-

401 1435 492 1472 dum,
517 1434 647 1475 aliquid
672 1435 732 1465 vix
755 1434 818 1465 sibi
844 1440 1043 1474 reputantes
1067 1432 1111 1464 ad
1136 1433 1315 1469 iniuriam;
1341 1434 1437 1475 equis
1460 1433 1686 1474 pulcerimqs]
1711 1433 1885 1470 delectati,
1910 1444 1994 1475 quos
2011 1433 2159 1465 libenter
2177 1435 2242 1464 lar-

401 1487 582 1528 giebantur
607 1494 641 1519 et
667 1487 709 1518 ab
733 1487 852 1517 amicis
877 1487 1025 1517 libenter
1041 1487 1272 1527 accipiebant.
1320 1486 1450 1517 Horum
1469 1487 1590 1517 domos
1607 1487 1701 1517 cives
1718 1486 1943 1517 libentissime
1960 1487 2241 1528 frequentabant,

405 1541 462 1571 ubi
488 1551 621 1582 semper
639 1540 710 1572 ludi
730 1540 857 1570 fiebant
874 1540 1038 1576 alearum,
1055 1540 1229 1571 hominum
1256 1540 1303 1571 ibi
1322 1546 1443 1571 cantus
1460 1539 1714 1571 exercebantur
1731 1539 1977 1581 musicaliaque
1993 1540 2240 1577 instrumenta;

399 1594 505 1625 nichil
531 1594 564 1623 in
589 1604 707 1625 eorum
734 1593 903 1630 domibus,
928 1593 1021 1634 quod
1047 1593 1160 1624 alacre
1185 1603 1253 1624 non
1279 1593 1370 1624 foret
1393 1598 1427 1624 et
1449 1592 1656 1629 iocundum3
1683 1593 1739 1624 hic
1756 1593 1875 1634 populi
1892 1593 2073 1625 multitudo
2091 1593 2240 1624 maxime
2265 1594 2306 1625 20

401 1646 650 1684 delectabatur,
675 1657 751 1678 cum
776 1647 826 1678 ibi
850 1646 1000 1677 breviter
1025 1646 1273 1688 cuiuscumque
1298 1646 1433 1688 generis
1458 1646 1611 1678 haberet.

569 1779 665 1812 XIII.
691 1799 730 1802 —
758 1779 900 1811 Domini
922 1780 1051 1810 Petrus
1077 1778 1204 1820 Comes,
1234 1778 1425 1816 chrtinus‚
1452 1779 1627 1811 Marsilius
1650 1783 1683 1810 et
1706 1779 1906 1820 Bonq'facz'us
1921 1780 2071 1822 fratres.

489 1869 540 1900 23.
566 1867 645 1909 [03J.
667 1886 702 1889 —
722 1867 825 1899 Anno
844 1867 982 1898 Domini
1001 1867 1181 1898 millesimo
1206 1866 1401 1898 CCLXXII
1427 1867 1567 1898 domino
1585 1867 1761 1904 Iacobino,
1781 1867 2024 1909 cognominato
2049 1867 2239 1909 Papafava,

402 1921 462 1952 tilii
486 1927 739 1952 successerunt.
786 1921 840 1956 Et,
865 1921 1021 1962 quamvis
1045 1929 1086 1951 ex
1104 1926 1235 1951 vetusta
1258 1920 1532 1951 Carrariensium
1550 1920 1615 1952 orti
1633 1921 1835 1962 propagine,
1852 1926 1966 1951 tamen
1984 1920 2090 1961 patris
2114 1931 2242 1963 cogno-

402 1984 478 2005 men
504 1975 676 2005 imitantes
700 1974 797 2016 quasi
822 1973 919 2004 titulo
943 1973 1083 2015 antique
1107 1983 1166 2004 sue
1196 1974 1318 2005 domus
1343 1978 1376 2004 et
1400 1984 1537 2005 suorum
1561 1974 1603 2005 de
1628 1973 1791 2005 Carraria
1822 1974 1992 2015 deposito,
2016 1984 2052 2004 se
2082 1974 2242 2005 fecerunt
2266 1974 2306 2006 25

403 2039 465 2069 pro
492 2028 681 2069 Papafavis
706 2038 725 2057 a
750 2027 854 2069 vulgo
880 2026 1083 2067 nuncupari.
1130 2025 1189 2057 Sic
1214 2032 1247 2058 et
1271 2037 1389 2058 eorum
1416 2026 1475 2057 lilii
1500 2033 1534 2058 et
1559 2027 1810 2058 descendentes
1826 2027 1994 2067 Papalavi
2013 2027 2056 2058 de
2081 2027 2242 2059 Carraria

403 2081 570 2123 appellati
595 2087 682 2112 sunt.
729 2080 772 2110 Hi
799 2080 862 2111 viri
887 2080 986 2111 tuere
1019 2079 1203 2121 magnifici,
1236 2080 1424 2111 amicorum
1456 2079 1674 2111 multitudine
1705 2079 1835 2117 vallati,
1868 2080 1994 2116 feudis,
2021 2080 2176 2112 vassallis
2208 2086 2243 2112 et

401 2134 552 2166 omnium
578 2144 681 2175 opum
705 2133 893 2164 affluencia
917 2133 1052 2164 divites.
1099 2132 1220 2164 Castro
1244 2132 1458 2175 Anguillarie
1482 2133 1698 2174 prefuerunt.
1746 2132 1911 2173 Ingencia
1935 2132 2089 2173 pericula
2112 2133 2243 2165 animo-

405 2199 477 2218 rum
504 2187 740 2229 magnitudine
766 2191 1058 2226 contempserunt.
1105 2185 1307 2217 Eminencia
1331 2185 1466 2226 palacia
1485 2186 1579 2228 quasi
1597 2191 1708 2217 castra
1725 2184 1930 2216 habuerunt.
1976 2185 2053 2217 Viri
2069 2195 2240 2217 armorum

402 2241 615 2277 strenuitate,
640 2250 862 2281 personarum
888 2239 1107 2270 multitudine
1139 2245 1173 2270 et
1204 2238 1394 2270 amicorum
1426 2239 1577 2279 presidio
1609 2238 1652 2269 ab
1685 2238 1840 2270 omnibus
1872 2239 2058 2277 formidati,
2081 2239 2238 2270 fortunas
2262 2240 2304 2271 30

404 2305 482 2325 suas
505 2293 668 2325 liberales
692 2293 788 2335 quasi
812 2293 912 2323 nimis
936 2302 1012 2323 cum
1038 2303 1072 2323 se
1091 2291 1310 2333 diligentibus
1327 2291 1639 2323 communicabant.
1685 2291 1800 2322 Armis
1816 2298 1849 2322 et
1865 2292 1961 2334 equis
1978 2292 2129 2333 priorum
2146 2302 2241 2323 more

404 2347 579 2383 delectati,
603 2346 638 2377 in
662 2345 1021 2377 commensacionibus
1045 2345 1184 2382 assidui,
1209 2344 1292 2376 nulli
1323 2355 1472 2386 unquam
1503 2345 1701 2382 amicorum,
1732 2345 2031 2387 qualitercumque
2055 2351 2241 2387 peteretur,

406 2410 506 2442 opem
531 2400 745 2441 denegarunt
768 2399 983 2440 postulatam.

718 2523 814 2555 XIV.
840 2542 880 2546 —-—
904 2522 1047 2554 Domini
1068 2522 1253 2561 Mamilius,
1278 2521 1470 2554 Albertinus
1493 2526 1526 2553 et
1547 2521 1758 2565 Bomsact'us,
1773 2521 1922 2564 fratres.

495 2616 548 2644 24.
573 2612 653 2653 [40].
679 2631 718 2635 —
744 2611 845 2643 Anno
863 2611 1000 2643 Domini
1021 2610 1227 2651 mille[simo]
1245 2610 1456 2642 CCLXVIII
1473 2611 1705 2652 suprascripto
1727 2611 1865 2643 domino
1883 2611 2009 2643 Iacobo
2026 2611 2086 2642 filii
2102 2620 2239 2643 succes·
2264 2611 2305 2642 35

408 2673 535 2697 serunt.
584 2665 658 2698 Viri
683 2665 868 2706 magnifici,
895 2665 1063 2706 equaliter
1088 2664 1130 2695 ab
1162 2663 1318 2695 omnibus
1349 2662 1536 2700 formidati,
1564 2663 1598 2694 in
1632 2663 1773 2695 civitate
1806 2664 1924 2696 Padue
1955 2665 2042 2696 adeo
2073 2670 2240 2706 potentes,

406 2720 512 2761 quod,
535 2720 562 2750 si
585 2718 692 2759 ipsius
715 2718 850 2749 statutis
866 2724 898 2749 et
916 2717 1049 2760 legibus
1066 2717 1308 2753 occurrissent,
1324 2716 1464 2757 impune
1483 2716 1639 2757 predicta
1658 2717 1916 2748 commisissent.
1963 2716 2142 2758 Quicquid
2167 2717 2240 2758 qui-

408 2783 555 2815 cumque
580 2770 733 2802 indebite
759 2777 1025 2812 perpetrassent,
1042 2772 1076 2801 in
1093 2770 1243 2810 ipsorum
1268 2768 1437 2806 domibus,
1462 2769 1567 2800 veluti
1593 2769 1626 2799 in
1645 2769 1725 2800 forti
1744 2770 1861 2811 opido,
1886 2771 2030 2801 salutem
2048 2768 2238 2806 habebant3

410 2826 501 2857 nulla
527 2825 675 2857 civitatis
699 2830 859 2865 potestas,
884 2825 996 2855 nullus
1021 2823 1238 2866 magistratus
1263 2827 1346 2860 erat,
1371 2822 1428 2864 qui
1451 2822 1604 2863 ipsorum
1629 2823 1749 2854 domos
1774 2823 1902 2854 intrare
1927 2823 2053 2854 viribus
2082 2828 2242 2854 attentas·-

408 2886 494 2911 sent.
540 2879 582 2910 Hi
608 2885 722 2910 tamen
743 2878 779 2908 in
803 2878 869 2908 hoc
894 2878 1081 2909 existentes
1106 2883 1196 2908 statu
1219 2876 1370 2914 sublimi,
1394 2876 1503 2917 patrie
1531 2876 1682 2917 quietem
1708 2877 1885 2909 ferventer
1909 2876 2085 2918 optabant,
2108 2876 2240 2907 iniuriis
2264 2877 2305 2908 40

502 3003 539 3028 18.
559 3003 656 3027 harum
677 3003 714 3026 M
