2422 3684
439 244 534 285 108ν
787 248 957 283 GESTA
987 248 1289 283 MAGNIFICA
1318 247 1502 283 DOMUS
1532 246 1920 282 CARRARIENSIS

753 381 892 413 Rssmz.
918 380 949 412 A

432 463 533 485 mune
547 453 658 496 ipsum
676 463 696 484 a
711 458 880 494 tempore,
897 451 994 483 cuius
1010 461 1079 482 non
1096 456 1189 482 extat
1206 461 1275 481 me-

434 507 551 543 moria,
575 506 639 538 fuit
663 511 697 537 et
722 511 806 546 erat,
823 504 995 547 aliquibus
1018 503 1167 535 adiectis
1193 513 1276 545 que-

433 560 515 591 relis
538 559 773 602 Clugiensium
790 569 894 599 super
912 556 1101 589 confinibus
1124 567 1144 587 a
1169 556 1274 588 latere

433 623 504 650 suo,
518 618 747 654 exagerantes
770 612 901 642 factum
925 615 1151 652 petentesque
1168 620 1276 651 quon·-

432 667 511 697 dam
534 675 655 706 pacem
679 665 771 695 inter
795 663 955 695 comunia
979 662 1208 694 Veneciarum
1241 668 1275 693 et

431 718 550 750 Padue
575 729 652 750 cum
677 717 945 749 comunitatibus
970 715 1137 747 Vicencie
1156 722 1190 747 et
1207 715 1275 746 Ve-

432 783 515 803 rone
532 772 650 804 initam
667 772 701 802 in
721 771 900 802 millesimo
918 770 1158 801 trecentesimo
1175 781 1276 812 quar-

433 833 477 863 to,
503 836 567 868 que
593 826 635 856 de
659 825 872 856 novitatibus
896 824 929 854 in
955 824 1041 855 locis
1069 823 1273 855 diserentia-

432 890 506 909 rum
531 878 632 909 factis
656 877 891 908 ammovendis
915 887 977 917 per
1000 883 1127 917 partes,
1151 877 1176 907 si
1207 886 1273 917 que

432 932 526 963 facte
552 931 676 967 forent,
707 930 924 961 mencionem
962 930 1048 960 facit
1080 929 1159 961 hinc
1192 929 1273 960 inde

431 984 572 1016 servari.
610 984 722 1025 Super
746 983 868 1024 quibus
892 989 969 1023 post
993 982 1116 1013 multas
1132 993 1275 1024 respon-

431 1039 546 1068 siones
558 1037 715 1078 utrinque
733 1036 850 1067 missas
866 1042 898 1066 et
915 1036 1039 1073 factm,
1064 1046 1129 1077 que
1153 1048 1173 1066 a
1197 1047 1275 1076 par-

433 1097 464 1122 te
497 1090 708 1121 Venetorum
741 1089 834 1120 facte
868 1089 976 1126 fuere,
1010 1089 1274 1120 irracionabiles

432 1143 588 1175 omnibus
611 1143 682 1174 vise
707 1148 794 1179 sunt,
818 1153 894 1174 cum
920 1147 1119 1173 recusarent
1150 1153 1273 1183 parere

432 1196 506 1233 iuri,
528 1196 572 1227 ad
596 1197 688 1238 quod
720 1195 924 1238 magnificus
948 1195 1105 1226 dominus
1131 1189 1275 1227 Franci-

431 1260 508 1281 scus
532 1259 567 1280 se
592 1259 728 1290 semper
747 1249 933 1285 offerebam
952 1248 1118 1289 petebant
1141 1255 1274 1280 tantum

431 1304 503 1334 fieri
527 1303 620 1344 quod
637 1304 736 1335 aliter
753 1303 928 1339 volebant,
946 1303 1167 1334 ostendentes
1184 1302 1273 1333 velle

431 1367 466 1387 se
491 1357 584 1387 solos
608 1356 738 1387 iudices
763 1366 847 1388 esse.
896 1356 1000 1394 Quod
1022 1357 1096 1396 ipse
1121 1355 1274 1396 magnifi-

431 1420 490 1441 cus
514 1409 673 1441 dominus
696 1410 901 1441 Franciscus
919 1411 961 1440 de
980 1409 1137 1440 Carraria
1159 1408 1273 1440 statim

431 1462 590 1494 Ferrarie
606 1463 744 1503 scripsit
761 1463 909 1494 dominis
922 1463 1038 1503 legato
1053 1468 1086 1494 et
1102 1462 1274 1493 marchio-

431 1517 476 1552 ni,
489 1522 611 1557 petens
633 1522 670 1546 ut
693 1525 796 1557 super
821 1516 885 1547 hoc
903 1516 1087 1557 providere
1112 1521 1274 1546 curarent

431 1569 474 1601 de
506 1569 662 1600 remedio
690 1568 830 1607 salubri,
855 1579 896 1600 eo
921 1569 1024 1610 quod,
1055 1568 1081 1599 si
1113 1579 1271 1610 guerram

431 1622 608 1653 habiturus
647 1633 724 1653 cum
764 1622 908 1653 Venetis
947 1622 1050 1658 foret,
1078 1621 1271 1653 necessario

432 1676 612 1717 expediret
638 1675 703 1706 sibi
727 1673 819 1716 quod
838 1675 879 1706 ab
905 1675 1062 1706 Ecclesie
1088 1675 1272 1706 desisteret

431 1729 644 1760 defensione.
690 1729 760 1770 Ipsi
784 1734 894 1760 autem
921 1728 1049 1760 domini
1075 1728 1208 1770 legatus
1239 1734 1272 1759 et

431 1782 584 1814 marchio
603 1782 777 1813 Venecias
798 1783 976 1813 solennem
995 1781 1161 1812 miserunt
1179 1781 1272 1823 lega-

433 1837 578 1871 cionem,
603 1846 671 1876 qua
687 1846 755 1866 non
771 1835 994 1866 mediocriter
1022 1834 1148 1866 turbati
1171 1845 1212 1866 ac
1229 1834 1273 1866 de

431 1888 590 1919 Ecclesia
607 1888 830 1919 ostendentes
847 1899 964 1929 parum
984 1898 1116 1926 curare,
1137 1888 1273 1919 demum

430 1941 589 1972 inducias
613 1941 842 1982 promiserunt
866 1941 1063 1983 quindecim
1088 1942 1221 1972 dierum
1238 1942 1273 1973 in

429 1995 689 2035 supersedendo
713 2006 733 2025 a
748 1994 958 2025 novitatibus
975 2002 1009 2025 et
1026 1996 1119 2036 quod
1137 1995 1272 2026 interim

430 2048 596 2085 redirent,
619 2048 699 2089 quia
716 2048 804 2079 bene
821 2048 868 2078 eis
885 2049 1145 2088 responderent.
1182 2047 1272 2079 Ante

432 2101 532 2131 tinem
549 2111 692 2142 quorum
707 2100 905 2142 quindecim
921 2101 1051 2132 dierum
1065 2101 1130 2141 ipsi
1148 2100 1272 2132 Veneti

432 2154 602 2195 scripsere
629 2154 820 2185 marchioni
846 2154 1016 2191 Ferrarie,
1033 2153 1128 2196 quod
1145 2153 1272 2185 turbati

432 2208 573 2238 multum
612 2207 878 2245 admirabantur,
905 2208 1078 2249 qnoniam,
1113 2214 1273 2238 annotata

431 2261 636 2299 sinceritate,
661 2272 725 2303 que
758 2261 924 2292 hactonus
955 2261 1063 2303 viguit
1095 2262 1183 2292 inter
1215 2270 1273 2292 co-

431 2325 531 2346 mune
570 2314 799 2346 Veneciarum
843 2322 875 2347 et
915 2326 993 2347 suos
1024 2316 1273 2356 progenitores,

432 2368 524 2399 nullo
550 2369 652 2399 modo
681 2369 825 2399 credere
858 2375 1018 2409 poterant
1050 2369 1144 2409 quod
1169 2368 1274 2399 verba

431 2421 566 2463 prolata
597 2431 658 2462 per
691 2421 936 2453 cancellarium
969 2421 1073 2464 legati
1108 2432 1273 2463 suumque

431 2474 697 2506 ambaxiatorem
721 2475 764 2506 de
791 2475 1010 2506 consciencia
1027 2475 1273 2515 processissent

430 2529 537 2570 ipsius
561 2527 689 2558 domini
724 2525 943 2562 marchionis,
975 2525 1138 2557 videlicet
1170 2527 1273 2567 quod,

432 2582 495 2613 nisi
520 2591 582 2617 per
606 2580 760 2611 Venetos
774 2580 880 2616 tieret,
899 2580 990 2621 quod
1008 2579 1071 2615 iusi
1091 2579 1224 2621 legatus
1242 2586 1274 2610 et

432 2634 586 2666 marchio
610 2634 785 2674 petebant,
809 2633 919 2664 silicet
946 2634 1039 2674 quod
1063 2644 1082 2664 a
1114 2633 1274 2664 novitati-

432 2689 494 2720 bus
518 2689 551 2718 in
577 2687 748 2729 presidem
777 2687 892 2717 Patavi
912 2687 1076 2718 desistere
1094 2686 1223 2718 vellent
1240 2693 1274 2718 et

432 2749 521 2773 stare
545 2741 783 2773 tei-minacioni
810 2741 993 2772 cuiuslibet
1017 2740 1096 2772 boni
1118 2741 1179 2771 viri
1198 2751 1275 2782 par-

431 2797 516 2826 tium
542 2795 756 2831 confidentis,
774 2805 814 2825 eo
833 2796 925 2837 quod
943 2795 1043 2826 aliter
1058 2796 1176 2826 facere
1201 2799 1275 2825 erat

433 2860 494 2889 per
516 2849 724 2881 indirectum
748 2849 929 2880 manifesta
953 2849 1095 2880 adhesio
1119 2847 1274 2879 heretico

524 3018 564 3041 25.
585 3012 716 3043 expedire
736 3013 770 3035 All

1342 874 1379 906 10

1343 1140 1378 1171 15

1339 1408 1380 1437 20

1339 1672 1378 1702 25

1338 1938 1379 1968 30

1339 2202 1377 2233 35

1340 2473 1379 2502 40

1339 2735 1379 2767 45

1753 379 1892 411 REDAz.
1918 378 1954 410 D

1433 461 1551 483 mover
1577 452 1621 483 de
1656 450 1850 492 possession
1885 450 1943 482 del
1978 449 2070 480 dicto
2102 449 2205 491 luogo
2240 449 2273 481 el

1434 514 1558 536 comun
1583 505 1625 536 de
1651 503 1754 540 Pava,
1784 503 1816 534 el
1840 503 1919 546 qual
1943 513 2004 543 per
2036 507 2131 533 tanto
2155 507 2271 543 tempo

1435 558 1466 588 lo
1491 557 1601 588 liavea
1625 557 1783 598 possedu,
1808 557 1873 588 che
1897 555 1919 586 'l
1936 567 2003 586 11011
2021 565 2080 586 era
2096 555 2272 592 memoria,

1432 611 1631 652 agrevando
1657 611 1689 640 el
1714 609 1820 643 facto.
1845 615 1880 640 et
1911 608 2114 650 aconcando
2147 607 2271 650 algune

1433 663 1573 705 querele
1597 673 1696 694 sovra
1713 663 1744 694 el
1761 663 1856 693 facto
1874 662 1907 692 di
1926 661 2052 693 confini
2076 661 2120 693 de
2143 660 2273 701 Chioca

1434 717 1491 748 dal
1508 727 1545 748 so
1562 717 1616 753 la'‚
1634 716 1879 748 domandando
1896 714 1928 744 la
1940 725 2033 755 pase,
2051 713 2115 744 che
2129 713 2164 744 in
2181 713 2273 744 mille

1434 778 1584 802 tresento
1604 777 1726 813 quatro
1743 770 1779 800 fo
1798 769 1892 800 facto
1907 775 1957 800 tra
1972 768 1982 798 i
2001 778 2127 799 comun
2145 767 2188 798 de
2202 766 2273 798 Ve-

1433 825 1529 856 nesia
1547 830 1580 856 et
1597 824 1640 855 de
1656 823 1750 854 Pava
1763 832 1829 854 con
1846 823 1877 853 le
1895 820 2070 853 comunitii
2087 820 2131 851 de
2148 819 2275 862 Vicen-

1433 888 1475 920 ca
1498 884 1531 909 et
1557 879 1598 908 de
1623 876 1776 913 Verona,
1794 875 1826 906 la
1843 875 1922 917 qual
1947 875 1983 905 fa
1999 873 2161 905 mencion
2181 872 2274 904 delle

1433 930 1550 962 novitii
1567 931 1659 962 facte
1671 930 1707 961 in
1720 929 1743 960 li
1758 929 1849 970 luogi
1867 927 1956 959 delle
1975 926 2192 962 diffnencie,
2209 925 2273 956 che

1435 983 1536 1015 debia
1556 983 1673 1023 [esser]
1698 992 1844 1013 remosse
1870 990 1932 1021 per
1954 980 1987 1010 le
2007 983 2117 1020 parte.
2166 978 2274 1010 Sovra

1436 1037 1464 1067 le
1489 1036 1568 1078 qual
1593 1046 1672 1067 cose
1698 1036 1792 1065 {acte
1815 1033 1920 1064 molte
1944 1038 2096 1073 resposte
2129 1033 2172 1064 de
2208 1041 2276 1073 qua

1435 1096 1469 1121 et
1492 1090 1535 1121 de
1559 1089 1602 1125 la,
1626 1088 1750 1130 quelle,
1775 1087 1839 1118 che
1864 1086 1901 1117 fo
1926 1086 2019 1117 facte
2036 1096 2099 1126 per
2115 1084 2214 1127 quilli
2230 1085 2276 1116 da

1434 1139 1597 1178 Venesia‚
1611 1150 1629 1171 a
1650 1139 1725 1171 tutti
1742 1150 1840 1182 parse
1858 1140 1936 1170 fuor
1954 1139 1997 1170 de
2014 1148 2127 1175 rason‚
2145 1137 2274 1179 perche

1434 1195 1444 1225 i
1461 1204 1624 1225 recusava
1642 1193 1684 1225 de
1702 1193 1796 1224 voler
1811 1199 1882 1224 star
1897 1192 1964 1223 alla
1981 1202 2093 1228 rason,
2112 1191 2178 1222 alla
2195 1191 2274 1233 qual

1433 1258 1566 1289 sempre
1588 1257 1624 1278 se
1644 1247 1791 1278 offeriva
1814 1247 1846 1278 el
1869 1246 2054 1289 magnifico
2071 1245 2189 1287 signer
2204 1255 2276 1276 me-

1432 1301 1499 1332 sier
1516 1299 1712 1332 Francesco
1732 1300 1776 1331 da
1792 1300 1949 1336 Canarii,
1968 1298 2043 1341 anci
2059 1297 2275 1329 domandava

1435 1365 1498 1395 pur
1522 1354 1587 1384 che
1611 1353 1632 1383 ’l
1664 1355 1754 1384 fosse
1786 1353 1881 1384 facto
1913 1352 1992 1394 quel
2025 1352 2089 1382 che
2121 1352 2131 1381 i
2164 1350 2276 1389 volea,

1435 1407 1582 1438 voiando
1605 1406 1668 1438 soli
1685 1406 1742 1437 elli
1758 1416 1851 1437 esser
1866 1405 1996 1448 eudesi.
2031 1403 2082 1436 La
2098 1405 2179 1446 qual
2196 1413 2276 1435 cosa

1434 1461 1466 1491 el
1490 1459 1647 1501 predicto
1671 1458 1855 1500 magnifico
1882 1458 1999 1499 signor
2022 1457 2146 1488 mesier
2168 1457 2278 1488 Fran-

1435 1523 1535 1545 cesco
1559 1513 1688 1554 scripse
1713 1524 1732 1543 a
1755 1511 1902 1543 Ferrara
1925 1523 1945 1543 a
1968 1511 2090 1542 mesier
2109 1510 2143 1542 lo
2161 1510 2276 1553 legato

1434 1574 1468 1598 et
1485 1568 1516 1598 al
1534 1567 1723 1603 marchese‚
1747 1565 1960 1608 pregandoie
1984 1565 2049 1596 che
2072 1574 2173 1595 sovra
2192 1573 2276 1606 que-

1434 1627 1485 1653 sto
1502 1621 1511 1651 i
1528 1620 1736 1662 provedesse
1753 1620 1797 1650 de
1810 1618 1963 1650 remedio
1976 1627 2120 1659 aconco,
2133 1615 2277 1658 perche,

1433 1683 1469 1705 se
1494 1673 1562 1704 ello
1586 1673 1730 1704 dovesse
1755 1672 1863 1703 haver
1885 1681 2010 1713 guerra
2028 1680 2091 1702 con
2109 1669 2216 1712 quelli
2232 1663 2278 1701 da

1434 1726 1594 1762 Venesia,
1617 1727 1648 1757 al
1674 1735 1716 1767 ge
1740 1735 1861 1757 serave
1885 1724 2083 1755 necessario
2108 1724 2173 1754 che
2198 1722 2219 1754 'l
2239 1731 2276 1754 se

1401 1817 1402 1827 ἱ
1434 1779 1578 1821 partisse
1603 1779 1697 1810 della
1714 1779 1848 1810 deffesa
1864 1777 1956 1809 della
1974 1777 2110 1809 Ghiesa.
2147 1777 2277 1809 Mesier

1401 1873 1402 1882 ἵ
1435 1834 1467 1865 10
1491 1833 1607 1875 legato
1631 1842 1649 1863 e
1674 1832 1695 1863 ’1
1722 1831 1899 1863 marchese
1932 1830 2057 1862 mando
2089 1841 2108 1861 a
2135 1829 2277 1861 Vinesia

1435 1897 1501 1917 una
1524 1885 1676 1917 solemne
1699 1883 1900 1920 ambaxada‚
1925 1883 2016 1915 della
2040 1883 2118 1925 qual
2140 1882 2277 1915 turbadi

1435 1939 1530 1981 quilli
1556 1939 1600 1969 da
1624 1938 1767 1970 Vinesia
1791 1944 1825 1969 et
1847 1938 2047 1969 mostrando
2071 1937 2186 1978 poclio
2218 1945 2278 1967 cu-

1434 2003 1491 2023 rar
1514 1992 1606 2023 della
1631 1991 1769 2028 Gffiesa,
1793 2001 1859 2032 pur
1881 1991 1987 2034 perci)
2011 1989 2186 2032 promecte
2201 1990 2277 2022 l’in-

1437 2046 1533 2078 dusie
1557 2045 1600 2076 de
1629 2044 1795 2086 quindese
1827 2044 1862 2076 di
1896 2044 1931 2074 in
1961 2043 2168 2075 sovraseder
2196 2042 2276 2074 dale

1436 2098 1564 2136 novitii,
1587 2104 1621 2130 et
1651 2097 1715 2129 che
1739 2097 1773 2128 in
1800 2103 1922 2139 questo
1955 2107 2052 2139 111000
2085 2096 2141 2127 0111
2166 2102 2275 2128 retor-

1435 2163 1546 2189 nasse‚
1563 2152 1627 2183 che
1645 2151 1666 2182 'l
1683 2151 1750 2193 ghe
1768 2159 1888 2182 serave
1905 2151 1972 2181 ben
1989 2155 2154 2191 resposto.
2180 2148 2277 2180 Nan-

1435 2206 1467 2249 ci
1491 2205 1522 2237 el
1549 2205 1591 2236 fin
1617 2204 1650 2236 di
1676 2203 1768 2246 quali
1793 2203 1960 2244 quindese
1984 2202 2019 2233 di
2038 2203 2049 2233 i
2066 2202 2214 2244 predicti
2231 2203 2276 2234 da

1436 2258 1576 2290 Vinesia
1599 2258 1730 2298 scripse
1755 2257 1786 2287 al
1810 2256 2002 2293 marchese,
2029 2256 2105 2293 che,
2129 2255 2276 2292 turbadi,

1434 2322 1469 2342 se
1506 2309 1722 2342 meraveiava
1756 2309 1873 2345 molto,
1905 2308 2048 2349 perche,
2083 2308 2213 2340 notada
2243 2307 2277 2339 la

1435 2363 1654 2401 sinceritade,
1678 2363 1710 2392 la
1727 2362 1806 2404 qual
1827 2372 1889 2402 per
1907 2363 1914 2391 i
1934 2362 2039 2403 tempi
2062 2361 2201 2403 passadi
2218 2371 2277 2393 era

1434 2425 1486 2449 sta
1510 2424 1562 2448 tra
1579 2417 1599 2447 'l
1616 2427 1740 2448 comun
1763 2416 1806 2446 de
1825 2416 1976 2447 Venesia
2000 2421 2034 2447 et
2057 2416 2066 2446 i
2091 2426 2128 2447 so
2151 2425 2277 2458 proge-

1434 2471 1548 2507 nitori,
1571 2470 1606 2500 in
1631 2470 1738 2500 nisum
1756 2470 1858 2500 modo
1882 2470 1892 2499 i
1916 2479 2038 2510 possea
2063 2470 2188 2501 credet
2211 2469 2276 2501 che

1435 2524 1465 2555 le
1489 2523 1606 2565 parole
1631 2523 1723 2554 dicte
1743 2533 1805 2564 per
1822 2522 1854 2554 lo
1871 2523 2069 2554 canceliero
2087 2523 2144 2554 del
2159 2523 2276 2565 legato

1435 2583 1469 2608 et
1490 2587 1553 2618 per
1577 2576 1609 2607 lo
1633 2586 1670 2606 so
1694 2575 1900 2607 ambaxaore
1924 2575 2134 2616 procedesse
2158 2576 2200 2606 de
2217 2584 2278 2606 soa

1436 2629 1665 2665 consciencia,
1684 2628 1725 2670 ςὸ
1749 2629 1775 2659 si
1799 2628 1817 2658 'e
1842 2628 1906 2659 che
1932 2627 2029 2670 quilii
2054 2629 2100 2659 da
2124 2628 2277 2659 Venesia

1436 2693 1478 2714 no
1502 2683 1594 2713 iesse
1617 2681 1742 2722 quello,
1768 2682 1832 2712 clie
1858 2680 2075 2712 domandava
2104 2681 2135 2712 el
2161 2682 2276 2723 legato

1435 2735 1476 2766 e'l
1489 2735 1680 2771 marchese,
1698 2734 1741 2765 de
1758 2744 1951 2765 removerse
1969 2735 2014 2764 da
2030 2734 2124 2765 voler
2147 2733 2202 2765 far
2217 2744 2277 2765 no-

1435 2788 1502 2819 vita
1526 2788 1558 2818 al
1590 2788 1771 2829 magnifico
1803 2788 1921 2829 signor
1951 2788 1994 2819 de
2025 2787 2119 2819 Pava
2143 2792 2178 2818 et
2207 2793 2278 2818 star

1434 2841 1502 2872 alla
1526 2840 1798 2872 determinacion
1822 2839 1867 2871 de
1896 2840 2047 2880 caschun
2071 2840 2138 2871 bon
2162 2840 2276 2878 homo,

1530 3013 1568 3030 12.
1589 3008 1666 3038 perte
1689 3007 1713 3029 l’
1730 3019 1762 3022 —
1781 3012 1821 3029 20.
1843 3005 1959 3030 solando
1974 3007 2000 3029 P
2018 3019 2049 3023 -
2065 3011 2106 3036 27.
2121 3007 2239 3037 pertisse
2253 3006 2279 3028 Ι)

2401 1691 2414 1794 μὴκψ
2411 1651 2414 1678 ,,,
