2422 3684
384 208 431 243 28
735 208 908 244 GESTA
935 208 1237 243 MAGNIFICA
1266 208 1448 244 DOMUS
1478 209 1864 245 CARRARIENSIS

385 341 595 383 “armigeris
619 342 766 374 civitatis
789 342 925 375 Parme.
972 342 1046 374 Nos
1069 351 1164 379 vero,
1188 343 1233 373 ad
1257 347 1407 373 nostram
1425 342 1605 374 defensam
1630 349 1836 384 pugnantes,
1858 343 1952 384 ipsos
1976 342 2129 374 finaliter
2154 343 2216 374 de-

387 396 568 432 “vicimus,
592 401 638 433 et,
662 396 777 427 coacti
802 395 976 428 civitatem
1001 395 1106 431 exire,
1137 395 1253 436 fugam
1287 395 1518 437 arripuerunt.
1558 396 1728 427 Dominus
1758 407 1840 427 vero
1871 396 2022 427 Bonetus
2053 395 2116 427 sub
2141 396 2207 428 fide

387 450 400 465 ‘⁴
417 449 577 480 detentus
601 454 660 480 est.

473 502 627 536 “Guid0.
653 502 783 540 Simon,
807 501 915 545 Acco,
938 502 1120 538 Iohannes,
1145 502 1270 533 fratres
1294 502 1336 533 de
1361 501 1513 543 Corigia.
1559 503 1649 533 Data
1673 502 1807 540 Parme,
1831 502 1885 533 die
1909 511 1986 533 xxn
2011 501 2137 540 maii„.

473 608 526 642 73.
551 607 651 649 [177J.
677 627 716 632 —-
742 609 875 640 Eodem
900 607 1090 645 millesimo,
1114 608 1156 638 de
1181 618 1296 639 mense
1320 608 1534 649 septembris,
1559 608 1764 640 Mantuani¹
1797 618 1873 639 cum
1906 607 2035 639 auxilio
2061 607 2217 649 magnifi-
2261 607 2278 639 5

383 671 499 692 corum
527 661 743 693 dominorum
769 661 929 693 Ubertini
954 661 996 691 de
1022 661 1182 692 Carraria
1206 667 1239 691 et
1265 660 1413 692 Luchini
1438 660 1665 692 Vicecomitis
1689 667 1809 692 contra
1838 660 2010 692 Veronam
2043 660 2215 692 hostiliter

387 715 642 756 equitaverunt,
667 715 782 746 omnia
811 714 906 756 quasi
932 720 1028 745 extra
1059 720 1176 755 portas
1204 720 1417 754 exponentes
1441 715 1549 754 prede
1581 719 1614 745 et
1639 714 1730 757 igni:
1756 725 1798 746 ex
1829 724 1896 756 quo
1927 715 2024 746 facto
2056 713 2216 745 dominus

382 768 576 800 Ubertinus
600 768 741 799 multum
765 768 890 799 letatus
915 773 974 798 est.
1021 767 1170 799 Putabat
1194 768 1285 799 enim
1309 767 1405 798 iuxta
1429 768 1575 798 formam
1600 773 1792 809 pactorum,
1816 777 1882 809 que
1906 767 2008 798 simul
2036 773 2216 798 contraxe-

382 828 470 862 rant,
495 821 684 852 exercitum
710 821 838 852 ducere
870 826 991 851 contra
1018 820 1234 864 Vicencjam,
1266 826 1300 851 et
1327 827 1425 851 erant
1455 820 1521 851 iam
1547 831 1608 861 pro
1640 831 1701 851 usu
1726 820 1833 861 ipsius
1864 821 2041 852 exercitus
2072 819 2216 851 Monta-

382 885 497 916 gnana
519 881 638 915 parata
662 874 824 905 victualia
845 879 878 905 et
902 874 967 904 alia
993 885 1128 916 queque
1153 874 1357 905 necessaria.
1401 873 1445 904 Et
1470 872 1660 909 Mantuani,
1685 874 1870 904 adinventa
1894 874 1974 904 ficta
1999 883 2103 904 causa
2134 883 2213 914 pro·
2242 874 2279 903 lO

384 927 530 959 dicionis
553 928 586 958 in
613 928 777 964 exercitu,
802 927 980 958 Mantuam
1004 928 1134 958 reversi
1157 933 1245 958 sunt.
1292 926 1410 958 Doluit
1435 926 1593 958 dominus
1617 925 1808 958 Ubertinus
1823 937 1859 958 se
1875 925 2076 968 deceptum;
2102 933 2215 957 tamen

381 981 665 1023 indignacionem
690 991 785 1012 suam
809 980 945 1021 penitus
970 980 1172 1012 occultavit.

476 1078 526 1113 74.
551 1078 651 1119 [178].
676 1096 719 1100 —-
741 1078 818 1119 [D]e
844 1088 960 1110 mense
985 1078 1119 1119 augusti
1144 1078 1298 1109 eiusdem
1322 1078 1505 1116 millesimi,
1532 1077 1681 1110 Iacobus
1693 1077 1716 1116 ²,
1744 1078 1833 1109 filius
1856 1078 1987 1109 domini
2012 1077 2149 1110 Nicolai
2175 1078 2218 1109 de

385 1131 557 1172 Carraria,
590 1131 805 1174 magnificam
838 1131 1010 1163 dominam
1040 1131 1259 1163 Costanciam
1296 1131 1339 1162 de
1371 1130 1529 1169 Polenta‚
1553 1142 1705 1164 sororem
1729 1142 1849 1163 socrus
1873 1131 2005 1163 domini
2039 1130 2218 1169 Ubertini,

386 1186 486 1218 duxit
508 1196 663 1217 uxorem.
2243 1182 2280 1215 15

472 1283 523 1318 75.
547 1282 646 1323 [179].
675 1304 710 1307 —-
738 1282 894 1323 [E]0dem
921 1293 1022 1320 anno,
1046 1283 1186 1314 Pisani³
1211 1282 1338 1314 auxilio
1362 1282 1620 1324 magnificorum
1646 1283 1858 1314 dominorum
1883 1283 1926 1314 de
1957 1282 2127 1319 Carraria,
2149 1281 2219 1313 Lu-

386 1337 479 1368 chIni
504 1336 733 1375 Vicecomitis,
757 1335 864 1367 Ianue
889 1342 921 1367 et
946 1336 1089 1367 fillorum
1112 1336 1295 1373 Castrucii‚
1319 1336 1377 1378 qui
1414 1336 1456 1367 de
1490 1336 1629 1368 Verona
1659 1336 1726 1367 iam
1757 1336 1974 1378 aufugerant,
2006 1346 2042 1366 se
2073 1334 2221 1366 viriliter

386 1396 624 1431 opposuerunt
649 1389 811 1420 exercitui
835 1389 1113 1420 Florentinorum
1138 1395 1173 1420 et
1189 1389 1264 1419 eius
1281 1389 1420 1425 auxilio,
1435 1389 1548 1420 silicet
1564 1388 1816 1420 veronensium
1835 1394 1868 1419 et
1884 1388 2051 1425 Ferrurie,
2075 1398 2118 1418 ne
2143 1387 2221 1419 Flo-

385 1442 511 1474 rentini
535 1443 665 1474 Lucam
689 1442 868 1480 intrarent,
892 1452 993 1484 quam
1026 1452 1089 1483 pro
1115 1442 1272 1474 ducentis
1305 1441 1459 1474 millibus
1485 1442 1693 1473 florenorum
1724 1448 1878 1473 emerant
1908 1452 1928 1472 a
1965 1440 2110 1472 dominis
2140 1439 2220 1471 dela

385 1496 499 1528 Scala.
545 1495 597 1526 Ex
620 1505 688 1537 quo
714 1505 756 1526 ex
779 1502 926 1536 utroque
953 1495 1106 1526 exercitu
1131 1501 1249 1535 parate
1274 1496 1315 1526 ad
1333 1505 1481 1537 pugnam
1500 1495 1592 1526 acies
1615 1495 1835 1526 conveniunt.
1882 1494 2056 1536 Pugnatur
2079 1493 2219 1525 tandem
2243 1493 2284 1524 20

387 1559 455 1580 non
480 1548 592 1579 miuus
617 1548 802 1579 crudeliter
827 1559 927 1589 quam
955 1548 1089 1579 fortiter
1112 1547 1156 1579 ab
1179 1555 1324 1590 utraque
1349 1554 1467 1589 parte;
1492 1547 1589 1578 multi
1614 1547 1799 1588 capiuntur
1823 1553 1856 1578 et
1880 1547 2088 1578 occiduntur
2112 1546 2220 1577 stetit-

385 1613 452 1644 que
478 1602 621 1633 fortuna
645 1602 728 1633 belli
753 1602 848 1643 quasi
872 1602 907 1632 in
932 1601 1056 1644 equali.
1102 1601 1147 1632 Et
1169 1602 1235 1632 fuit
1260 1602 1326 1632 hoc
1351 1601 1394 1632 de
1421 1611 1536 1631 mense
1561 1601 1724 1632 octubris.
1771 1600 1832 1632 Set
1856 1600 1973 1632 Pisani
1997 1605 2078 1630 ante
2101 1605 2220 1640 portas

385 1655 492 1691 Luce,
516 1654 656 1696 spaldis,
681 1655 791 1685 foveis
815 1655 880 1685 iam
905 1661 983 1685 ante
1008 1654 1194 1691 forfflicati,
1219 1655 1307 1685 adeo
1333 1654 1506 1685 civitatem
1531 1653 1638 1694 ipsam
1664 1654 1906 1691 astrinxerunt,
1928 1653 2021 1694 quod
2046 1662 2135 1684 anno
2167 1662 2220 1683 se·
2245 1665 2251 1674 ¹

387 1707 507 1750 quenti
532 1709 573 1738 de
599 1718 713 1738 meuse
738 1708 809 1738 iulii
835 1707 961 1738 auxilio
977 1707 1289 1749 suprascriptorum
1306 1707 1465 1748 predicta
1482 1706 1607 1738 civitas
1623 1706 1659 1737 in
1675 1706 1830 1738 manibus
1846 1706 1991 1737 traditur
2008 1704 2220 1737 Pisanorum.

478 1804 528 1838 70.
554 1805 656 1846 [1801.
690 1823 729 1826 —
760 1804 957 1846 [I]oliannes
985 1805 1028 1836 de
1062 1804 1245 1845 Vigoncia‚
1276 1804 1380 1835 iudex
1411 1804 1521 1835 iustus
1553 1809 1587 1835 et
1610 1803 1720 1842 miles,
1751 1803 1810 1845 qui
1839 1813 1902 1844 pro
1933 1802 2070 1834 comuni
2098 1801 2219 1833 Padue
2244 1801 2284 1832 25

386 1857 590 1890 Vicenciam
618 1863 765 1895 rexerat,
789 1868 852 1898 pro
877 1859 996 1889 eodem
1030 1858 1167 1889 comuni
1192 1857 1325 1899 legatus
1348 1857 1477 1898 pluries
1500 1862 1716 1897 processerat
1740 1855 1957 1893 Avinionem,
1989 1855 2219 1892 Florenciam,

387 1911 560 1942 Venecias
585 1917 618 1942 et
644 1911 726 1942 alias
750 1911 865 1941 mundi
899 1911 1066 1948 civitates,
1091 1921 1207 1941 coram
1239 1911 1386 1941 dominis
1417 1921 1518 1951 papa,
1542 1911 1762 1951 imperatore,
1790 1909 1939 1951 regibus,
1963 1908 2119 1945 ducibus,
2143 1908 2219 1939 aliis

387 1965 536 1996 dominis
561 1970 594 1995 et
618 1964 770 2004 prelatis,
794 1965 837 1994 ad
862 1965 1018 1996 ultimum
1042 1964 1174 1995 senium
1199 1964 1234 1994 in
1259 1974 1387 1994 summa
1405 1965 1527 1995 (luctus
1552 1969 1716 2005 egestate,
1740 1973 1782 1993 ex
1804 1962 1955 2003 propriis
1979 1962 2125 1992 fortunis
2149 1972 2219 1992 ma-

387 2018 504 2060 gnifici
530 2017 657 2048 domini
681 2018 855 2054 Uberfini,
881 2018 935 2048 cui
960 2017 1050 2048 Idem
1076 2027 1263 2058 conpassus
1289 2023 1349 2053 est,
1375 2017 1457 2048 senii
1483 2016 1653 2058 reliquum
1677 2016 1712 2047 in
1735 2015 1883 2046 maxima
1910 2015 2004 2046 duxit
2028 2015 2185 2046 ubertate
2197 2014 2220 2046 ⁴.

478 2114 528 2148 77.
545 2114 646 2155 [1811.
660 2133 696 2136 ——
719 2114 932 2155 [MJillesimo
950 2113 1153 2150 CCCXLII,
1171 2114 1385 2155 infrascripti
1403 2114 1557 2145 Paduani
1575 2113 1723 2144 rebelles
1738 2113 1950 2144 dominorum
1969 2112 2011 2144 de
2026 2111 2186 2144 Carraria
2198 2111 2220 2150 ⁵,
2243 2112 2286 2143 30

386 2178 448 2209 per
472 2168 647 2198 dominum
673 2167 814 2198 Mantue
839 2167 1004 2209 requisiti,
1029 2167 1244 2207 assignantur
1270 2166 1455 2208 magnifico
1479 2166 1617 2197 domino
1642 2164 1826 2203 Ubertino,
1843 2165 1977 2196 scilicet
2002 2164 2172 2196 Henricus
2188 2171 2222 2196 et

389 2220 605 2256 Guillelmus,
623 2220 679 2250 filii
707 2219 922 2251 Prosdocimi
948 2220 990 2251 de
1015 2220 1186 2261 Caligine,
1209 2219 1344 2260 Tempo
1368 2225 1402 2250 et
1427 2219 1630 2251 Guillelmus
1655 2219 1780 2249 fratres
1804 2218 1846 2249 de
1863 2218 2009 2259 Tempo,
2028 2217 2217 2249 Federicus

389 2281 422 2305 et
446 2274 571 2304 fratres
594 2273 805 2313 Capiteliste‚
828 2273 1012 2305 Iacobinus
1037 2273 1080 2304 de
1106 2273 1356 2314 llengelfredis
1381 2279 1414 2303 et
1440 2272 1604 2303 Novellus
1627 2273 1669 2303 de
1693 2271 1834 2303 Rubeis.
1880 2271 1988 2302 Erant
2019 2270 2108 2301 enim
2134 2281 2210 2311 pre-

389 2327 471 2357 dicti
496 2326 528 2356 in
555 2326 694 2357 civitate
719 2326 852 2364 Parme,
876 2333 926 2358 set
950 2326 983 2356 in
1009 2326 1211 2366 expulsione
1235 2325 1371 2356 illorum
1396 2325 1473 2356 dela
1498 2325 1599 2356 Scala
1624 2325 1666 2356 de
1699 2325 1795 2355 dicta
1819 2324 1957 2355 civitate
1983 2323 2160 2355 Mantuam
2183 2332 2219 2354 se

389 2381 609 2411 reduxerant.
657 2379 729 2410 Hos
754 2379 868 2410 Padue
894 2385 1112 2420 presentatos
1136 2379 1294 2410 dominus
1320 2377 1505 2410 Ubertinus
1528 2379 1624 2410 iussit
1648 2378 1682 2409 in
1707 2377 1836 2409 Foiana
1862 2377 2044 2414 carcerari,
2072 2376 2131 2408 ubi
2154 2381 2221 2408 ste·
2244 2377 2284 2408 35

390 2439 477 2465 terat
501 2433 657 2464 dominus
681 2433 843 2464 Gibertus
868 2433 911 2463 de
936 2433 1081 2464 Foiano.

479 2529 528 2564 78.
549 2529 650 2571 [182].
669 2547 710 2553 -—
725 2529 881 2570 [EJOdem
900 2530 1093 2566 millesimo,
1110 2530 1363 2571 coniunguntur
1380 2530 1413 2560 in
1430 2540 1533 2560 unum
1552 2534 1699 2570 quatuor
1715 2528 1809 2560 milia
1824 2527 2035 2560 Theotonici
2047 2525 2059 2542 ⁶
2083 2526 2222 2569 galeati,

389 2584 457 2626 qui,
483 2583 716 2616 discurrentes
741 2590 858 2614 contra
883 2583 1099 2619 Ravennam,
1130 2582 1332 2620 Forlivium,
1364 2582 1558 2614 Bononiam
1583 2587 1618 2613 et
1643 2582 1810 2620 Parmam,
1835 2581 1948 2612 omnia
1972 2580 2154 2611 trahebant
2185 2579 2221 2611 in

482 2702 519 2718 ιι.
540 2693 646 2724 tamen]
667 2696 779 2717 tantum
801 2696 822 2718 S
840 2708 870 2712 —
894 2702 933 2719 12.
955 2693 1079 2727 penitus]
1098 2695 1250 2725 prudenter
1271 2696 1293 2718 S
1309 2708 1341 2711 —
1365 2701 1404 2724 13.
1424 2693 1566 2725 magnifici
1587 2693 1699 2717 domini
1725 2693 1748 2717 S
1770 2705 1802 2710 —
1830 2699 1870 2723 14.
1894 2691 2027 2714 Ubertini
2050 2691 2218 2723 jampridem

393 2737 514 2761 duxerat
535 2744 659 2764 uxorem,
680 2736 800 2760 domino
821 2737 883 2767 ipso
910 2738 1050 2761 Ubertino
1076 2737 1190 2770 jubente
1217 2738 1239 2760 S
1262 2749 1294 2753 —
1317 2735 1355 2759 16.
1376 2736 1506 2759 Ubertini
1534 2735 1566 2758 de
1586 2734 1698 2758 Carrar.
1724 2734 1747 2758 S
1765 2747 1796 2751 —-
1818 2738 1859 2764 17.
1883 2733 2063 2757 Ianuensium
2085 2734 2107 2757 S
2125 2746 2156 2750 —
2182 2732 2219 2757 18.

392 2778 516 2810 auxilio]
537 2779 664 2802 subsidIo
684 2778 706 2801 S
724 2791 731 2795 ·
754 2777 798 2809 ne]
818 2781 845 2801 et
866 2781 900 2802 M
917 2793 948 2796 —
967 2787 1008 2810 24.
1029 2786 1166 2811 suprascr.
1186 2779 1369 2802 dominorum
1390 2778 1455 2801 8-
1469 2784 1510 2808 34⁴
1532 2776 1641 2807 Parme]
1661 2776 1756 2800 Padue
1774 2775 1840 2800 S—
1855 2780 1897 2807 35.
1910 2776 2058 2803 carcerari,
2073 2782 2087 2799 a
2101 2775 2220 2799 domino

391 2822 512 2845 Giberto
533 2822 566 2845 de
586 2820 696 2844 Foiano
716 2821 755 2843 sic
775 2821 920 2851 appellata
941 2822 962 2845 S
980 2835 1011 2838 -—
1031 2820 1073 2853 38.
1094 2821 1211 2848 Foruv.‚
1231 2820 1342 2843 Bonon.
1361 2828 1408 2843 om.
1430 2820 1464 2843 M

482 2909 490 2925 ¹
511 2910 646 2940 Con-rus„
671 2909 809 2938 Chronica,
830 2909 903 2934 VIII.
923 2909 947 2933 6.
1424 2906 1434 2922 ⁴
1454 2907 1590 2933 Con-rus„
1612 2907 1751 2934 Chronica,
1770 2905 1846 2935 VIII,
1865 2904 1889 2929 8.

482 2951 491 2966 ‘²
513 2952 648 2981 Comus„
673 2951 809 2977 Chronica.
831 2951 903 2974 VIII.
923 2951 945 2974 6.
1423 2947 1433 2963 ⁵
1453 2949 1588 2977 Conrus..
1610 2949 1749 2978 Chronica,
1769 2947 1844 2976 VIII,
1863 2947 1886 2971 8.

479 2993 490 3008 ³
510 2994 647 3023 Comus„
669 2993 808 3022 Chronica,
828 2992 902 3022 VIII,
923 2999 945 3024 7.
1422 2989 1432 3005 ⁶
1453 2992 1591 3020 Com-us„
1615 2990 1753 3019 Chronica,
1774 2989 1847 3018 VIII,
1870 2995 1908 3013 ιο.
2253 2995 2286 3014 10
