2422 3684
462 249 634 286 GESTA
661 249 963 284 MAGNIFICA
993 246 1176 282 DOMUS
1206 243 1591 280 CARRARIENSIS
1922 242 1968 276 49

139 375 292 407 ferentes
316 384 420 415 super
443 372 670 414 deposicione
692 376 801 402 status
824 370 1040 402 dominorum
1065 368 1144 400 dela
1169 367 1284 407 Scala,
1307 367 1367 399 ubi
1390 372 1471 398 tunc
1497 365 1688 397 ordinatum
1708 365 1774 396 fuit
1797 364 1971 396 dominum

138 427 320 459 Albertum
344 426 426 458 dela
449 424 552 457 Scala
580 425 710 456 debere
742 424 915 455 Venecias
946 422 1106 454 conduci.
1154 422 1198 453 Et
1228 421 1281 453 sic
1313 421 1370 452 die
1402 428 1490 450 XXVI
1523 419 1656 460 augusti
1689 419 1751 450 sub
1784 418 1975 459 aliquorum

140 480 306 512 nobilium
330 478 489 511 custodia
513 478 633 509 missus
656 476 732 514 fuit,
747 477 806 518 qui
831 476 985 508 lacrimis
1009 475 1132 508 effusis
1154 481 1188 506 et
1203 473 1352 517 genibus
1374 473 1472 505 flexis
1489 482 1607 504 coram
1625 471 1815 513 magnifico
1833 470 1974 502 domino

140 533 297 565 Marsilio
321 533 366 564 de
389 530 550 565 Carraria
571 540 635 573 pro
660 540 722 562 sua
745 529 854 562 salute
878 528 1098 571 supplicavit.

101 640 117 671 5
235 641 294 671 144
319 638 420 680 [144].
452 656 494 660 -
524 637 593 669 Per
622 636 849 678 magnificum
881 635 1058 667 dominum
1089 634 1281 666 Marsilium
1312 633 1356 665 de
1387 631 1549 665 Carraria
1580 631 1615 663 in
1643 632 1810 662 honorem
1843 628 1975 661 domini

144 693 242 724 ducis
266 698 300 724 et
325 690 479 723 comunis
503 690 735 722 Veneciarum
758 695 910 730 potestas
934 687 1052 720 Padue
1079 687 1218 729 eligitur
1241 686 1400 719 dominus
1425 685 1584 716 Andreas
1614 683 1830 715 Mauroceno
1846 682 1866 713 ¹.
1911 682 1977 713 Hic

145 746 339 787 predictum
363 744 519 787 regimen
543 743 729 774 recusavit.
776 742 879 773 Tunc
904 753 965 783 per
989 740 1138 773 eundem
1164 740 1339 772 dominum
1363 738 1556 770 Marsilium
1580 743 1732 779 potestas
1756 736 1895 777 eligitur
1919 735 1980 767 do-

145 799 255 829 minus
279 798 420 829 Marcus
444 796 624 833 Cornario‚
656 795 716 838 qui
747 795 944 836 predictum
977 795 1132 836 regimen
1162 793 1298 833 iuravit,
1330 792 1481 824 sociatus
1512 802 1531 822 a
1562 789 1701 823 domino
1733 789 1904 821 Ubertino
1937 789 1979 819 de

144 850 308 884 Carraria
331 850 477 892 aliisque
502 848 676 880 nobilibus
700 854 734 880 et
757 847 888 889 populo
913 847 1086 879 universo.

90 959 128 990 10
245 955 303 988 145
330 956 431 997 [145].
454 974 498 979 -
519 956 602 987 Post
625 954 795 996 predicta,
819 954 912 985 iussu
938 953 1067 986 domini
1093 953 1255 986 Ubertini
1286 953 1330 984 de
1362 951 1535 989 Carraria,
1565 950 1623 993 qui
1656 956 1776 982 contra
1805 949 1980 981 Montem-

145 1011 277 1043 silicem
298 1009 444 1052 regebat
469 1015 502 1041 et
526 1008 771 1041 Paduanorurn
797 1006 1015 1049 gubernabat
1039 1007 1229 1039 exercitum
1245 1006 1268 1044 ²,
1300 1006 1438 1048 quidam
1471 1005 1616 1037 nuncius
1647 1003 1779 1036 domini
1812 1001 1983 1034 Lodovici

149 1065 193 1096 de
219 1064 396 1107 Goncaga‚
414 1062 577 1094 simulans
594 1062 638 1093 de
654 1061 797 1093 Mantua
814 1061 1001 1103 aufugisse,
1019 1060 1310 1092 Montemsilicem
1327 1059 1475 1097 intravit,
1493 1059 1535 1090 de
1554 1057 1721 1099 capcione
1739 1063 1832 1088 terre
1849 1061 1982 1087 secrete

149 1117 375 1159 discussurus.
423 1115 493 1153 Set,
516 1115 623 1157 ipsius
645 1113 783 1145 insidiis
807 1123 868 1154 per
893 1113 1040 1144 Baldum
1063 1113 1107 1144 de
1132 1113 1263 1145 Poiana
1288 1111 1446 1148 detectis,
1471 1111 1582 1143 dictus
1612 1110 1760 1141 nuncius
1791 1115 1825 1141 et
1855 1108 1983 1140 Baldus

148 1181 168 1202 a
190 1169 370 1207 Mantetla‚
394 1168 576 1199 familiaris
599 1167 732 1199 domini
756 1167 928 1203 Uberum,
953 1167 1054 1198 furca
1078 1165 1346 1207 suspenduntur.
1394 1165 1474 1202 Qua
1492 1165 1534 1195 de
1552 1175 1589 1195 re
1605 1163 1761 1195 turbatus
1777 1161 1986 1204 magnificus

88 1223 124 1256 15
150 1223 312 1255 dominus
335 1221 523 1254 Ubertinus
547 1221 590 1252 de
615 1220 776 1252 Carraria
801 1225 933 1260 septem
958 1230 1001 1251 ex
1026 1219 1182 1260 captivis,
1206 1229 1291 1261 quos
1307 1217 1469 1254 habebat,
1495 1223 1574 1248 ante
1599 1222 1731 1258 portam
1750 1214 1989 1247 Montissilicis

150 1276 252 1308 modo
281 1274 384 1307 simili
413 1274 513 1306 iussit
542 1274 643 1305 furca
673 1273 850 1314 suspendi.
898 1272 1062 1304 Preterea
1092 1278 1129 1303 ut
1160 1271 1409 1303 veronensibus
1440 1271 1585 1312 captivis
1617 1269 1780 1301 maiorem
1817 1268 1990 1300 incuteret

149 1329 319 1366 timorem,
344 1339 407 1370 per
430 1334 567 1360 noctem
584 1337 687 1358 unam
705 1337 782 1358 cum
800 1325 934 1367 laqueis
950 1326 1045 1357 circa
1063 1325 1153 1356 colla
1170 1330 1262 1356 stare
1280 1324 1408 1366 coegit,
1426 1334 1490 1356 ceu
1508 1324 1678 1355 deberent
1694 1332 1793 1353 mane
1811 1320 1989 1363 suspendi.

153 1382 198 1414 Et
221 1381 336 1413 omnia
359 1381 459 1412 fuere
483 1381 528 1413 de
553 1390 670 1412 mense
694 1379 842 1422 augusti.

244 1489 304 1520 146
329 1487 430 1529 [140]
462 1506 496 1511 --
520 1487 662 1518 Interim
686 1486 894 1529 magnificus
918 1486 1076 1517 dominus
1099 1485 1285 1522 Mamilius,
1318 1491 1441 1526 putans
1472 1483 1762 1515 Montemsilicem
1793 1493 1861 1513 non
1892 1491 1994 1523 posse

91 1543 133 1574 20
157 1542 287 1574 viribus
299 1540 310 1558 ³
336 1541 426 1583 capi,
454 1541 601 1584 quadam
626 1550 752 1582 magna
769 1545 803 1571 et
819 1540 889 1570 lata
905 1540 1007 1570 fovea
1024 1539 1228 1570 intrinsecos
1244 1538 1400 1574 inclusit3
1419 1537 1498 1568 fieri
1516 1536 1628 1568 eciam
1646 1536 1732 1567 fecit
1749 1535 1844 1567 circa
1861 1535 1992 1565 dictum

155 1601 304 1628 castrum
328 1595 472 1626 bastitas
495 1599 643 1636 quatuor
666 1594 740 1624 sive
765 1599 888 1628 castra,
914 1592 1081 1623 videlicet
1103 1603 1205 1623 unam
1230 1592 1263 1622 in
1290 1597 1410 1623 sancto
1436 1590 1575 1627 Iacobo,
1593 1589 1693 1620 aliam
1714 1589 1748 1620 in
1772 1594 1893 1620 sancto
1917 1586 1993 1618 Sal-

157 1658 252 1685 varo,
275 1648 417 1680 terciam
442 1647 477 1678 in
501 1653 620 1679 sancto
648 1646 809 1683 Micaele,
834 1652 991 1688 quartam
1017 1655 1098 1677 vero
1122 1645 1218 1676 iuxta
1241 1649 1404 1682 montem,
1430 1654 1515 1686 quas
1540 1653 1659 1674 omnes
1681 1642 1846 1674 militibus
1871 1647 1904 1673 et
1931 1652 1991 1682 pe-

160 1701 287 1734 ditibus
310 1711 352 1733 ac
377 1701 489 1733 eciam
513 1700 615 1732 rebus
639 1700 783 1731 munivit
807 1699 1021 1731 necessariis.

249 1808 306 1842 147
326 1807 428 1849 {147}
454 1825 496 1831 —
518 1807 682 1839 Predicto
699 1806 892 1844 millesimo,
917 1806 961 1837 de
978 1815 1094 1837 mense
1120 1805 1326 1842 decembris,
1351 1814 1414 1846 pro
1439 1808 1587 1835 tractatu
1613 1803 1707 1844 pacis
1731 1801 1899 1833 Veneciis
1915 1812 1997 1833 con-

93 1861 133 1894 25
158 1868 329 1894 venerunt
353 1871 430 1893 cum
456 1861 596 1893 domino
621 1861 710 1893 duce
725 1861 735 1877 ⁴
759 1859 970 1901 infrascripti
995 1858 1137 1897 domini,
1162 1858 1326 1889 videlicet
1350 1858 1489 1899 Oppico
1514 1857 1659 1888 estensis
1682 1855 1850 1892 marchio,
1874 1855 1998 1886 Marsi-

159 1916 222 1947 lius
246 1915 387 1958 grandis
411 1915 455 1946 de
480 1913 653 1952 Carraria,
680 1914 795 1946 Guido
812 1913 855 1944 de
874 1913 1051 1956 Goncaga,
1070 1911 1274 1954 Guecceffls,
1293 1912 1482 1942 advocatus
1499 1910 1661 1946 Tarvisii,
1679 1909 1781 1951 legati
1804 1907 2001 1946 Florencie‚

159 1969 292 2001 domini
315 1967 464 2011 Acconis
489 1966 727 2003 vicecomitis,
752 1973 786 1998 et
810 1965 921 1998 Tadei
947 1967 988 1998 de
1013 1965 1161 2006 Pepolis,
1180 1964 1296 1996 nuncii
1314 1964 1443 1995 domini
1462 1962 1604 1994 Mastini
1621 1962 1699 1994 dela
1717 1961 1820 1994 Scala
1837 1961 2002 2003 multique

160 2023 219 2054 alii
242 2021 375 2054 domini
401 2027 434 2052 et
458 2027 627 2063 potentes,
652 2021 745 2051 inter
769 2030 854 2062 quos
884 2019 992 2051 multa
1013 2020 1110 2050 fuere
1143 2019 1186 2049 de
1218 2027 1305 2058 pace
1337 2017 1477 2059 agitata,
1510 2027 1611 2058 quam
1644 2015 1802 2047 dominus
1833 2014 2001 2046 Mat-‚tinus

161 2075 316 2107 finaliter
338 2074 512 2106 recusavit
536 2080 678 2116 propter
701 2074 848 2116 grandia
873 2079 973 2113 pacta
998 2077 1032 2104 et
1056 2071 1293 2107 condiciones,
1317 2081 1399 2112 quas
1425 2069 1552 2101 Veneti
1576 2069 1618 2100 ab
1643 2069 1718 2110 ipso
1743 2068 1937 2110 pecierunt.

99 2174 140 2205 30
255 2173 314 2203 148
339 2171 439 2213 [148].
466 2192 506 2197 —-
532 2170 706 2209 Quoniam
731 2170 913 2212 prudentis
936 2176 987 2202 est
1003 2169 1138 2201 casibus
1162 2178 1342 2200 occurrere
1367 2167 1501 2203 futuris,
1525 2166 1656 2197 iccirco
1681 2166 1882 2208 magnificus
1898 2165 2005 2197 domi-

167 2236 230 2258 nus
252 2225 427 2257 Marsilius
450 2225 494 2256 de
517 2224 678 2256 Carraria
702 2223 902 2254 infirmitate
921 2228 1100 2264 correptus
1117 2222 1136 2260 ⁵,
1162 2221 1279 2253 volens
1296 2221 1429 2251 civibus
1445 2219 1563 2250 Padue
1581 2220 1624 2251 de
1642 2219 1794 2251 dominio
1810 2219 2006 2260 providere,

163 2290 184 2311 a
207 2279 335 2321 populo
359 2278 545 2320 postulavit
569 2278 745 2309 dominum
762 2276 969 2308 Ubertinum
986 2277 1028 2307 de
1054 2275 1217 2307 Carraria
1232 2274 1295 2305 sibi
1312 2283 1555 2309 successorem,
1573 2283 1709 2313 semper
1726 2272 1769 2303 de
1786 2271 2006 2313 beneplacito

166 2333 297 2365 domini
322 2332 420 2364 ducis
442 2331 675 2363 Veneciarum
701 2337 735 2362 et
760 2330 915 2362 comunis
940 2330 1134 2367 Florencie,
1151 2338 1252 2370 quem
1277 2328 1454 2358 universus
1479 2326 1597 2358 Padue
1614 2326 1762 2368 populus
1779 2327 1813 2357 in
1829 2325 2005 2356 dominum

166 2386 326 2418 alacriter
349 2385 558 2427 acceptavit.
594 2384 653 2416 Sic
669 2384 772 2426 igitur
788 2385 822 2415 in
840 2383 983 2425 publica
1009 2383 1178 2414 concione
1201 2381 1319 2422 populi
1346 2380 1508 2411 vexillum
1532 2379 1665 2420 recepit
1690 2380 1899 2420 promictens
1915 2378 2011 2410 iusti-

103 2439 142 2472 35
169 2440 256 2471 ciam
280 2439 457 2470 universis.
505 2439 584 2476 Quo
607 2437 773 2469 Veneciis
797 2442 831 2468 et
850 2437 1030 2468 Florencie
1048 2446 1110 2477 per
1126 2446 1204 2466 suos
1222 2435 1352 2475 legatos
1369 2433 1546 2469 nunciato,
1571 2432 1700 2463 domini
1723 2431 1870 2463 Marsilii
1896 2432 2011 2473 provi-

167 2493 294 2525 dencia
317 2491 361 2523 ab
385 2491 542 2523 omnibus
567 2490 790 2533 approbatur.
839 2490 883 2522 Et
907 2489 973 2521 fuit
998 2490 1064 2521 hoc
1089 2489 1123 2520 in
1146 2485 1478 2527 MCCCXXXVIII,
1505 2486 1560 2518 die
1585 2486 1700 2517 martis
1725 2486 1859 2517 decimo
1876 2485 2010 2517 marcii.

261 2591 320 2622 149
345 2590 445 2631 [149].
471 2608 512 2612 -
536 2589 744 2632 Magnificus
770 2588 928 2620 dominus
952 2586 1130 2618 Marsilius
1154 2586 1197 2617 de
1222 2584 1398 2622 Carraria,
1430 2583 1484 2615 vir
1514 2583 1633 2625 utique
1666 2583 1794 2625 probus
1819 2589 1853 2614 et
1884 2583 2011 2619 audax,

171 2645 358 2677 constituto
383 2643 451 2675 sibi
476 2642 605 2675 herede
629 2649 662 2674 et
686 2642 826 2674 domino
850 2641 970 2672 Padue
994 2640 1203 2672 consobrino
1228 2648 1288 2669 suo
1314 2637 1454 2669 domino
1482 2636 1655 2668 Ubertino
1681 2638 1725 2667 de
1759 2635 1948 2673 Carraria⁶‚
1972 2647 2007 2667 se

263 2761 287 2787 6.
307 2761 373 2793 Hic]
393 2763 440 2793 qui
461 2761 484 2786 S
503 2774 533 2778 -—
554 2760 578 2785 ὃ.
603 2761 649 2785 hic
669 2760 692 2785 S
710 2774 741 2777 —
763 2767 803 2791 13.
824 2761 915 2784 dictus
936 2760 1068 2783 dommus
1088 2758 1112 2783 S
1130 2772 1160 2776 —
1185 2765 1223 2789 15.
1243 2755 1410 2787 Ubertinus]
1430 2755 1577 2779 Marsilins
1597 2757 1630 2780 M
1647 2769 1679 2773 -—-
1704 2754 1742 2780 16.
1765 2756 1909 2779 ineutetur
1930 2756 1966 2778 M
1981 2768 2012 2771 —-

177 2812 218 2830 21.
238 2806 374 2830 videlicet
395 2807 424 2830 in
445 2807 544 2830 sancto
565 2805 587 2829 S
605 2819 636 2823 —
656 2812 699 2836 31.
719 2805 829 2828 civibus
849 2805 907 2828 suis
929 2803 952 2828 S
970 2817 1001 2820 »ἡ
1023 2811 1061 2835 33.
1087 2802 1267 2834 magnificum
1287 2801 1395 2824 domin.
1416 2801 1439 2824 S
1458 2813 1488 2816 —-
1509 2807 1550 2831 34.
1576 2799 1741 2831 magnificus
1767 2800 1899 2823 dominus
1928 2799 2013 2823 Uber-

178 2849 256 2873 tinus
275 2849 376 2881 populi
395 2848 420 2873 S
437 2861 469 2866 --
490 2853 531 2880 37.
550 2848 646 2879 itaque
666 2847 785 2879 magnis.
812 2847 835 2871 S
857 2858 868 2864 —
894 2846 992 2878 utique
1017 2854 1066 2869 om.
1094 2844 1118 2869 S

264 2935 270 2950 ¹
292 2936 427 2967 CORTUS.,
449 2936 588 2966 Chronica,
608 2936 670 2966 VII,
690 2935 713 2959 6.
1211 2930 1221 2945 ⁴
1243 2931 1380 2962 CORTUS.,
1405 2931 1542 2959 Chronica,
1561 2929 1622 2961 VII,
1643 2930 1667 2955 S.

135 2983 148 3009 5
265 2976 276 2993 ²
297 2977 434 3008 COR-rus„
457 2979 598 3008 Chronica,
616 2978 677 3008 VII,
698 2984 721 3009 7.
1211 2973 1220 2987 ⁵
1241 2974 1375 3003 Com-us,
1399 2973 1536 3001 Chronica,
1557 2972 1618 3003 VII,
1638 2979 1669 3004 93
1689 2971 1766 3003 VIII,
1790 2979 1812 2998 1.

263 3019 274 3035 3
292 3019 429 3049 CORTUS„
451 3021 590 3049 Chronica,
611 3020 672 3050 VII,
693 3027 716 3052 7.
1210 3013 1220 3030 ὅ
1239 3015 1373 3045 ΟΟΚΤυ3.,
1397 3015 1535 3045 Chronica,
1554 3014 1628 3043 VIII,
1650 3021 1672 3039 ι.

310 3135 342 3163 Τ,
362 3135 448 3165 XVII,
469 3144 494 3168 p.
514 3142 533 3165 Ι,
553 3136 610 3161 vol.
632 3142 654 3160 11
677 3149 708 3153 —
729 3144 752 3167 4.
