2422 3684
743 265 907 300 GESTA
942 265 1239 300 MAGNIFICA
1269 265 1451 301 DOMUS
1481 265 1873 301 CARRARIENSIS

712 397 849 429 REDAZ.
874 397 906 429 A

391 468 457 499 hoc
475 468 619 500 ardebat
636 478 713 500 cum
730 468 812 510 ipsis
827 467 973 500 ducibus
988 478 1110 509 pacem
1127 467 1232 499 habe-

391 531 439 558 re,
465 532 567 562 quam
590 527 705 562 preter
729 521 949 552 volumtatem
974 521 1149 562 magnifici
1173 521 1233 551 do-

389 573 473 605 mini
498 574 678 606 Francisci
701 575 745 606 de
771 573 931 605 Carraria
954 574 1072 605 facere
1089 584 1158 605 non
1174 584 1234 615 po-

389 633 479 658 terat
503 633 646 668 propter
670 628 831 659 unionem
857 628 947 658 inter
969 628 1062 668 ipsos
1085 627 1233 658 existen-

390 686 470 717 tem,
502 681 545 712 de
578 689 745 711 consensu
770 680 874 721 ipsius
903 680 1077 722 magnifici
1101 679 1233 711 domini

393 734 503 775 primo
528 734 689 766 inducias
713 734 884 765 concessit
905 733 1088 774 capitaneo
1111 733 1234 765 Portu-

391 788 520 823 naonis,
545 787 603 829 qui
624 787 671 818 ibi
703 794 776 818 erat
804 797 865 828 pro
897 787 1036 818 domino
1061 785 1235 818 Bernabo-

392 850 446 877 ne,
462 840 587 871 deinde
604 841 737 872 curavit
760 850 835 871 cum
854 840 934 881 ipsis
951 839 1096 871 ducibus
1111 849 1234 881 pacem

393 893 531 924 habere.
579 893 630 925 Ex
655 904 723 935 quo
752 894 825 934 ipse
858 893 1017 924 dominus
1047 893 1234 934 imperator

392 947 549 979 similiter
573 954 605 978 et
629 947 693 988 ipsi
718 948 824 978 duces
849 947 892 977 ad
916 946 1023 987 ipsum
1059 947 1234 978 dominum

393 1000 623 1042 patriarcham
636 1010 715 1031 suos
728 1001 851 1031 misere
870 1000 1010 1041 legatos,
1023 1000 1115 1041 apud
1133 1010 1233 1042 quem

394 1064 456 1095 pro
488 1053 564 1095 ipso
597 1054 782 1096 magnifico
813 1053 953 1085 domino
977 1053 1166 1085 Fraucisco
1192 1054 1234 1084 de

395 1105 552 1139 Carraria
570 1107 746 1139 Gerardus
769 1112 842 1138 erat
859 1106 902 1137 de
920 1106 1100 1143 Herberia‚
1117 1106 1234 1149 ibique

394 1167 532 1202 ceptum
550 1167 601 1192 est
618 1161 660 1192 de
684 1161 831 1192 induciis
855 1161 1007 1198 tractari,
1024 1171 1090 1203 que
1108 1171 1173 1193 nec
1190 1161 1235 1192 ibi

393 1221 536 1256 potuere
554 1215 716 1246 effectum
736 1214 872 1246 habere.
907 1215 1118 1247 Acesserunt
1134 1215 1236 1257 igitur

394 1267 547 1298 Paduam
566 1268 671 1309 legati
688 1268 763 1309 ipsi,
786 1269 878 1299 inter
901 1278 988 1310 quos
1010 1279 1072 1309 pro
1090 1267 1236 1299 ducibus

391 1320 474 1361 ipsis
491 1320 587 1351 miles
604 1327 677 1352 erat
694 1321 854 1362 egregius
872 1321 1031 1352 dominus
1047 1319 1236 1352 Federicus

393 1373 436 1404 de
475 1373 701 1415 Sofimbergo,
741 1374 848 1415 ipsius
888 1374 1064 1416 magnifici
1104 1373 1234 1405 domini

394 1432 570 1469 cognatus,
588 1427 711 1468 quibus
728 1429 859 1459 honore
877 1438 952 1459 cum
971 1428 1078 1460 multo
1094 1437 1235 1468 suscep-

392 1480 434 1511 tis
458 1485 492 1510 et
515 1480 630 1511 multis
653 1481 734 1511 hinc
758 1481 838 1511 inde
862 1481 1009 1523 agitatiS,
1034 1481 1173 1512 tandem
1192 1481 1235 1512 ad

393 1533 552 1564 inducias
575 1532 762 1564 deventum
787 1540 839 1565 est
863 1535 1043 1565 duraturas
1065 1544 1174 1575 usque
1191 1534 1236 1565 ad

394 1587 581 1627 proximum
616 1588 737 1619 festum
772 1589 880 1620 sancti
912 1588 1053 1620 Martini
1089 1595 1124 1620 et
1153 1588 1235 1619 inde

393 1651 500 1682 usque
524 1640 568 1671 ad
586 1641 678 1673 aliud
695 1643 891 1683 predictum
916 1643 1054 1679 festum,
1078 1642 1237 1674 inducias

392 1694 483 1734 ipsas
505 1704 581 1725 cum
606 1694 673 1725 illis
696 1694 739 1726 de
764 1695 996 1737 Vallesugana
1019 1702 1054 1727 et
1077 1695 1235 1727 Tirolen-

392 1746 485 1778 sibus
507 1747 715 1780 inchoando.
762 1747 909 1791 Postque
941 1749 1159 1791 imperatoris
1188 1749 1238 1781 le-

396 1801 465 1843 gati
483 1801 528 1832 ad
545 1800 778 1833 vicecomites
795 1810 1016 1834 accesserunt
1032 1801 1236 1844 tract1atjuri

394 1861 431 1886 ut
453 1861 565 1886 castra
587 1856 682 1886 iuxta
706 1855 846 1887 Ianuam
871 1863 1085 1888 revocarent.
1131 1856 1237 1888 Ducis

395 1918 476 1939 vero
501 1907 633 1951 legatus
649 1909 693 1940 ad
711 1909 852 1950 propria
867 1910 1041 1941 remeavit.
1075 1910 1237 1941 Ceterum

394 1961 596 2002 magnificus
608 1961 683 2002 ipse
701 1963 858 1993 dominus
873 1963 1079 1994 Franciscus
1093 1964 1136 1994 de
1153 1964 1236 1995 Car-

395 2015 493 2055 raria,
519 2024 580 2056 per
603 2015 801 2055 imperiales
818 2016 962 2047 nuncios
980 2016 1144 2047 oracione
1159 2026 1236 2047 ore-

394 2074 492 2099 tenus
527 2068 645 2099 habita
682 2079 743 2109 pro
775 2069 890 2099 futura
921 2079 1008 2110 pace
1044 2070 1236 2106 tractanda,

395 2121 485 2152 misit
510 2121 553 2151 ad
577 2121 686 2162 ipsum
706 2121 880 2153 dominum
906 2122 1149 2163 imperatorem
1174 2122 1237 2152 mi-

394 2175 487 2205 litem
525 2174 700 2216 egregium
734 2175 909 2206 dominum
941 2174 1160 2207 Bonifacium
1193 2176 1236 2207 de

396 2228 502 2268 Lupis
525 2233 559 2259 et
583 2238 660 2259 cum
684 2239 724 2259 eo
749 2228 850 2260 alium
876 2240 979 2260 unum
1004 2239 1047 2261 ex
1070 2229 1139 2260 suis
1154 2229 1237 2260 iuri-

396 2281 574 2320 speritum,
598 2281 656 2312 ubi
683 2287 808 2318 tamen,
826 2282 900 2323 ipso
925 2281 1112 2313 obsistente
1127 2282 1236 2323 impe-

397 2340 522 2371 ratore,
547 2334 656 2365 nichil
673 2334 716 2365 de
740 2344 827 2375 pace
852 2341 966 2366 actum
991 2341 1052 2366 est.
1100 2335 1152 2366 Ex
1169 2346 1236 2377 quo

396 2386 480 2416 iuris
504 2387 560 2417 ille
586 2387 715 2427 peritus
737 2387 891 2419 Paduam
917 2387 1087 2430 adipsum
1104 2389 1237 2431 magni-

396 2440 496 2470 ficum
521 2440 695 2471 dominum
720 2447 866 2472 tractata
889 2442 1057 2474 relaturus
1080 2442 1237 2474 accessit.

396 2492 496 2523 Tunc
515 2499 549 2524 et
565 2494 655 2524 enim
672 2494 865 2525 mortalium
885 2501 1085 2526 cunctorum
1099 2494 1236 2526 auribus

396 2545 614 2586 personabat,
641 2553 673 2577 et
690 2547 739 2578 sic
757 2547 894 2588 publice
912 2549 1002 2578 fama
1021 2548 1235 2590 loquebatur,

397 2609 562 2630 summum
593 2600 797 2640 pontificem
829 2607 862 2632 et
892 2601 1132 2642 imperatorem
1169 2612 1236 2632 una

397 2651 495 2682 simul
517 2652 549 2682 in
576 2651 711 2683 Italiam
735 2654 962 2694 profecturos*
1007 2653 1110 2686 Unde
1129 2655 1235 2695 impe-

397 2710 490 2736 rator
513 2705 598 2746 ipse,
623 2707 764 2748 cognita
783 2707 958 2749 Hungarie
977 2709 1070 2751 regis
1085 2718 1167 2750 erga
1184 2708 1234 2749 ip-

398 2767 470 2787 sum
501 2759 725 2800 magnificum
751 2760 924 2791 dominum
949 2762 1076 2793 amoris
1099 2761 1236 2793 fervida

400 2810 541 2842 caritate
560 2818 593 2843 et
617 2812 772 2853 cogitans
796 2814 904 2844 solum
928 2814 1037 2855 ipsum
1063 2815 1236 2847 dominum

400 2873 498 2904 posse
522 2875 635 2906 regem
662 2865 833 2906 prefatum
866 2867 1025 2907 precibus
1049 2868 1116 2899 suis
1138 2878 1237 2899 aver-

492 3026 529 3051 15.
545 3022 660 3055 indiciis
679 3024 710 3045 fnl
722 3036 748 3038 —
768 3029 808 3052 27.
823 3026 939 3047 tracturi
965 3024 997 3047 ,11

1300 893 1338 924 10

1296 1160 1332 1191 15

1292 1428 1332 1458 20

1293 1693 1331 1723 25

1295 1961 1336 1991 30

1291 2223 1330 2254 35

1291 2488 1337 2518 40

1298 2751 1336 2782 45

1712 398 1853 429 REDAz,
1877 397 1909 428 D

1391 470 1542 510 perador
1566 475 1600 501 et
1624 479 1684 510 per
1708 475 1826 510 questo
1850 469 1961 500 havea
1985 468 2157 500 desiderio
2189 470 2232 501 de

1393 522 1499 553 haver
1523 532 1604 563 pase
1629 532 1694 554 con
1718 524 1729 553 i
1753 523 1840 554 dicti
1865 522 1951 559 dusi‚
1983 522 2015 553 la
2040 523 2119 564 qual
2151 533 2232 563 pase

1393 575 1459 606 ello
1484 585 1529 606 no
1551 585 1674 616 possea
1698 576 1752 607 far
1774 586 1878 617 senca
1911 575 2051 606 volonth
2083 581 2118 607 et
2150 586 2231 607 con-

1392 627 1589 660 sintimento
1614 629 1656 660 de
1687 629 1719 659 el
1751 629 1940 671 magnifico
1967 628 2085 670 signor
2107 629 2234 660 mesier

1394 681 1589 712 Francesco
1620 681 1664 713 da
1694 681 1843 712 Carrara
1874 691 1936 723 per
1960 681 1991 711 la
2017 681 2135 719 union,
2167 683 2232 713 che

1393 744 1452 765 era
1481 739 1533 765 tra
1562 734 1648 771 loro,
1677 735 1720 765 de
1751 734 2017 767 consintimento
2049 735 2106 766 del
2139 735 2233 767 dicto

1393 787 1582 830 magnifico
1603 787 1720 831 signor
1736 788 1783 819 fe’
1799 788 1912 829 prima
1930 794 2049 830 treuga
2066 798 2149 819 over
2162 789 2233 820 suf-

1392 841 1546 872 ferencie
1571 841 1614 872 de
1639 841 1744 883 aigun
1768 846 1922 872 termene
1946 841 1978 871 al
1997 841 2172 882 capitanio
2189 842 2232 874 de

1393 894 1590 931 Pordenon,
1616 894 1647 925 el
1671 894 1752 936 qual
1777 903 1835 925 era
1859 894 1882 924 li
1906 903 1967 934 per
1999 894 2122 925 mesier
2149 894 2233 926 Ber-

1393 947 1493 984 nabb,
1518 952 1552 978 et
1576 947 1631 988 po'
1657 947 1782 978 cel-cho
1808 947 1914 978 havet
1938 957 2019 988 pase
2041 947 2131 978 coni
2149 947 2234 979 dicti

1395 999 1480 1032 dusi.
1524 999 1592 1031 Per
1608 1000 1638 1031 la
1659 1001 1738 1042 qual
1763 1010 1845 1032 cosa
1868 999 2079 1032 simelmente
2106 1000 2236 1042 l’impe-

1395 1053 1498 1085 rador
1529 1059 1563 1085 et
1593 1053 1603 1084 i
1635 1053 1711 1084 dusi
1742 1053 1869 1084 mando
1901 1063 1938 1084 so
1973 1053 2171 1085 ambaxaori
2203 1054 2236 1085 al

1393 1107 1601 1148 patriarcha,
1626 1116 1763 1148 apresso
1799 1106 1832 1136 el
1866 1106 1945 1148 qual
1980 1117 2042 1148 per
2074 1106 2104 1138 lo
2140 1106 2235 1139 dicto

1393 1160 1581 1202 magnifico
1605 1160 1721 1202 signor
1745 1169 1802 1190 era
1828 1159 2003 1191 Ghirardo
2018 1160 2061 1191 da
2078 1159 2234 1198 Ribiera,

1394 1218 1427 1244 et
1449 1213 1473 1243 li
1494 1213 1545 1243 fra
1562 1213 1636 1244 loro
1653 1223 1688 1244 se
1706 1211 1871 1254 comencb
1889 1224 1908 1243 a
1925 1219 2054 1244 tractat
2079 1214 2121 1244 de
2147 1219 2236 1246 treu-

1393 1275 1448 1308 ga,
1472 1266 1503 1296 la
1528 1265 1607 1307 qual
1630 1265 1738 1296 allora
1761 1275 1805 1297 no
1836 1266 1935 1307 posse
1960 1266 2069 1297 haver
2094 1257 2234 1301 effecto.

1393 1318 1516 1350 Veune
1542 1318 1701 1349 adoncha
1725 1317 1832 1349 allora
1855 1319 1867 1349 i
1891 1319 1992 1350 messi
2017 1319 2109 1350 delle
2137 1326 2234 1361 parte

1395 1381 1413 1402 a
1439 1371 1542 1410 Pava‚
1567 1371 1656 1402 intro
1682 1371 1691 1402 i
1721 1371 1800 1412 qual
1824 1371 1927 1403 messi
1959 1382 2019 1412 per
2048 1378 2146 1413 parte
2178 1372 2236 1404 dei

1395 1425 1470 1456 dusi
1495 1425 1530 1456 fo
1555 1424 1587 1455 el
1611 1424 1807 1456 chavaliero
1830 1425 1972 1467 egregio
1999 1425 2141 1457 messier
2170 1426 2235 1457 Fe-

1394 1479 1470 1521 rigo
1494 1479 1539 1510 da
1561 1477 1789 1520 Sofimberg0‚
1806 1479 1964 1522 cognacio
1982 1478 2038 1510 del
2056 1479 2148 1511 dicto
2165 1489 2236 1510 ma-

1394 1531 1529 1574 gnifico
1552 1530 1671 1574 signor
1686 1531 1812 1563 mesier
1828 1532 2023 1563 Francesco
2048 1532 2093 1563 da
2109 1531 2234 1564 Carra-

1395 1596 1442 1616 ra.
1489 1585 1504 1616 1
1527 1585 1606 1627 qual
1630 1584 1733 1616 messi
1757 1585 1922 1616 recevudi
1941 1595 2006 1616 con
2024 1585 2157 1628 grande
2174 1585 2234 1617 ho-

1396 1649 1479 1669 nore
1505 1643 1539 1668 et
1562 1637 1637 1670 drio
1660 1637 1764 1669 molte
1789 1647 1870 1669 cose
1893 1637 2033 1680 agitade
2068 1639 2111 1670 da
2142 1638 2237 1670 l’una
2269 1665 2278 1669 -

1394 1697 1429 1723 et
1452 1691 1495 1722 da
1519 1690 1630 1722 l‘altra
1653 1696 1759 1733 parte,
1780 1690 1847 1722 alla
1870 1691 1919 1722 fin
1944 1701 1980 1722 se
2004 1691 2021 1722 ὲ
2046 1691 2153 1734 vignu
2169 1691 2237 1723 alla

1395 1752 1528 1788 treuga,
1557 1745 1622 1777 che
1653 1745 1801 1777 dovesse
1834 1744 1937 1776 durar
1971 1744 2019 1775 fin
2045 1744 2111 1776 alla
2147 1744 2239 1776 festa

1396 1799 1551 1840 proxima
1573 1798 1617 1830 de
1641 1797 1711 1830 San
1736 1797 1862 1829 Martin
1886 1803 1919 1829 et
1943 1797 2001 1829 dal
2025 1797 2120 1829 dicto
2141 1797 2176 1830 di
2192 1798 2236 1830 de

1395 1850 1466 1883 San
1490 1850 1621 1882 Martin
1649 1851 1699 1882 fin
1728 1862 1746 1882 a
1777 1850 1889 1883 l’altro
1913 1850 1983 1882 San
2008 1851 2150 1890 Martin‚
2179 1863 2237 1884 co-

1396 1905 1589 1948 mencando
1612 1904 1646 1935 la
1669 1910 1790 1947 treuga
1817 1910 1869 1936 tra
1902 1904 1999 1947 quilli
2030 1904 2086 1936 del
2118 1905 2237 1938 Tirale

1397 1965 1431 1991 et
1447 1957 1544 2000 quilli
1561 1958 1604 1989 de
1618 1957 1861 2000 Vallasugana.
1887 1958 1970 1989 Drio
1984 1958 2015 1989 le
2030 1958 2111 2000 qual
2127 1969 2207 1990 cose
2225 1960 2235 1990 i

1397 2010 1595 2043 ambaxaori
1614 2011 1657 2042 de
1675 2010 1897 2052 l'imperador
1913 2011 2004 2042 ando
2022 2011 2053 2042 ai
2069 2011 2237 2044 Vesconti

1398 2074 1416 2095 a
1440 2069 1569 2095 tractar
1593 2063 1658 2094 che
1674 2063 1685 2094 i
1702 2073 1893 2094 removesse
1911 2063 1943 2094 le
1961 2063 2080 2102 hasne,
2099 2064 2162 2095 che
2179 2064 2237 2096 elli

1397 2117 1505 2148 havea
1529 2126 1647 2157 presso
1671 2127 1690 2147 a
1720 2116 1850 2161 Cenoa,
1873 2122 1907 2147 et
1935 2117 2148 2149 l’ambaxaor
2179 2117 2237 2150 del

1397 2169 1481 2200 duse
1507 2169 1604 2200 torno
1629 2179 1648 2199 a
1672 2179 1763 2200 casa.
1802 2169 1841 2201 In
1859 2176 1980 2212 questo
1998 2170 2029 2201 el.
2046 2171 2237 2213 magnifico

1397 2222 1514 2264 signor
1551 2222 1748 2254 sovradicto
1788 2223 1911 2254 mesier
1953 2223 2150 2256 Francesco
2192 2224 2237 2256 da

1397 2275 1556 2313 Carrara,
1590 2275 1728 2308 habud'a
1762 2276 1954 2308 ambaxada
1987 2287 2007 2307 a
2043 2276 2157 2309 bocha
2191 2278 2236 2310 da

1398 2328 1616 2369 l‘imperador
1650 2339 1713 2370 per
1745 2335 1874 2361 tractat
1909 2329 2001 2360 della
2025 2329 2118 2361 dicta
2143 2340 2235 2370 pase,

1397 2381 1522 2413 mando
1556 2382 1590 2413 al
1624 2382 1717 2414 dicto
1755 2382 1955 2424 imperador
1992 2382 2023 2413 el
2064 2383 2235 2415 cavaliero

1397 2433 1537 2474 egregio
1560 2433 1686 2464 mesier
1709 2432 1891 2466 Bonifacio
1923 2435 1958 2466 di
1992 2436 2078 2468 Lovi
2104 2442 2138 2467 et
2169 2446 2235 2468 con

1398 2486 1443 2516 lui
1468 2496 1514 2517 un
1539 2486 1625 2516 altro
1649 2495 1686 2517 so
1711 2497 1954 2529 cuse,apresso
1980 2489 2011 2520 el
2031 2491 2112 2532 qual
2126 2489 2236 2532 impe-

1398 2537 1512 2575 rador,
1536 2538 1782 2570 contrariando
1801 2540 1858 2579 lui,
1883 2542 2000 2574 niente
2019 2543 2054 2574 fo
2072 2543 2236 2574 concluso

1397 2591 1440 2623 de
1463 2601 1554 2632 pase.
1593 2591 1661 2622 Per
1682 2592 1715 2623 13
1740 2593 1820 2634 qual
1845 2605 1924 2626 cosa
1941 2596 1972 2627 el
1991 2596 2084 2628 dicto
2101 2607 2138 2628 so
2155 2607 2234 2639 cuse

1396 2644 1497 2675 torno
1519 2654 1540 2674 a
1562 2644 1656 2676 Pava
1679 2655 1698 2676 a
1722 2647 1774 2677 dir
1799 2648 1877 2689 quel
1901 2649 1964 2680 che
1990 2660 2048 2680 era
2065 2648 2184 2686 tracta,
2201 2655 2236 2681 et

1398 2698 1553 2729 disevase
1578 2697 1684 2730 allora
1696 2709 1760 2740 per
1775 2706 1860 2732 tutto
1877 2701 1886 2731 i
1906 2701 2021 2739 omini,
2039 2708 2072 2733 et
2088 2702 2159 2734 cosi
2178 2712 2236 2733 era

1397 2751 1499 2793 piena
1511 2761 1736 2795 nomenanca‚
1749 2754 1814 2784 che
1828 2753 1848 2784 'l
1863 2764 1952 2796 papa
1968 2761 2002 2786 et
2014 2755 2237 2796 l’imperador

1398 2805 1508 2837 dovea
1521 2804 1634 2847 vignir
1650 2805 1820 2839 insembre
1836 2807 1873 2839 in
1888 2807 1997 2840 Italia.
2028 2808 2131 2840 Unde
2150 2808 2236 2840 l’im-

1398 2857 1558 2900 pendor,
1589 2861 1830 2900 cognossando
1861 2860 1893 2892 la
1922 2871 2008 2902 pura
2032 2861 2150 2899 carith,
2170 2861 2234 2893 che

1489 3031 1528 3055 13.
1547 3024 1692 3048 ambnxori
1720 3025 1746 3048 P
1757 3026 1782 3048 E
