2422 3684
56 896 92 927 10

52 1272 88 1304 15

48 1538 89 1570 20

45 2070 87 2100 30

46 2376 85 2409 35

52 2972 83 2989 10

475 231 646 266 GESTA
675 232 979 268 MAGNIFICA
1008 232 1190 268 DOMUS
1219 231 1606 267 CARRARIENSIS
1907 233 1950 266 21

120 364 231 396 ruffus
254 365 296 396 de
322 363 518 396 Macaruffis
532 363 552 400 ¹,
576 365 693 405 quiex
711 365 812 396 nimio
838 366 960 397 dolore
985 365 1127 396 dominii
1146 365 1262 397 Padue
1278 364 1395 396 traditi
1420 365 1559 396 domino
1576 364 1702 396 Iacobo
1726 365 1769 396 de
1786 365 1957 401 Carraria,

119 428 155 449 se
180 428 255 448 cum
280 418 486 459 quibusdam
510 417 580 448 suis
604 418 833 459 complicibus
860 419 1043 450 adheserat
1067 419 1207 450 domino
1231 418 1355 455 Cani²‚
1387 418 1482 449 cuius
1512 428 1686 459 nunquam
1723 418 1817 459 prius
1846 419 1958 449 fuerat

120 469 260 502 amicus.
306 470 383 507 Hic,
409 475 511 511 capto
536 476 661 506 castro,
685 469 838 502 Paduam
865 473 1031 503 advectus
1055 471 1239 514 magnifico
1264 471 1405 502 domino
1425 470 1552 503 Iacobo
1567 470 1577 486 ³
1602 476 1828 511 presentatur,
1855 481 1954 512 quem

121 523 293 564 aspiciens
317 523 475 556 dominus
503 523 679 555 Marsilius
711 524 754 555 de
789 525 950 556 Carraria
981 525 1097 567 gladio
1127 525 1321 556 vulneravit
1354 525 1388 555 in
1419 524 1609 556 vindictam
1641 524 1771 555 domini
1802 524 1956 560 Iacobi⁴‚

119 587 220 618 quem
243 577 317 617 ipse
340 576 556 608 Macaruffus
580 587 655 608 cum
680 577 749 608 suis
774 578 1002 618 complicibus
1026 578 1192 620 querebat
1216 580 1258 608 de
1284 577 1401 609 Padua
1434 578 1559 614 eicere,
1591 583 1624 608 et
1656 589 1697 608 ex
1728 579 1794 608 hoc
1828 578 1955 608 domini

119 630 222 662 Canis
245 636 360 671 partes
384 629 534 661 fovebat.
581 628 652 661 Sed
677 630 787 671 ipsum
815 631 1043 663 Macaruffum
1067 632 1233 662 Tartarus
1258 631 1300 662 de
1325 632 1546 663 Lendeuaria
1572 641 1648 662 cum
1666 631 1742 662 aliis
1759 631 1791 660 in
1810 630 1859 661 sui
1879 641 1956 671 par-

120 689 189 714 tem
215 683 402 715 astantibus
427 693 504 714 mox
527 683 712 715 interemit.

206 789 259 820 46.
282 789 361 830 [87].
384 808 427 812 —
453 788 581 830 [A]nno
606 789 736 820 domini
762 789 1050 829 MCCCXXIHI,
1075 790 1134 822 die
1160 800 1235 822 xxn
1266 791 1472 827 novembris,
1498 791 1699 833 magnificus
1717 790 1874 822 dominus
1902 791 1954 821 Ia-

117 842 224 874 cobus
248 843 291 873 de
316 842 499 874 Carraria⁵
523 843 613 873 diem
638 843 761 875 clausit
785 850 987 881 extremum,
1013 844 1081 884 qui,
1098 850 1301 875 testamento
1318 845 1412 884 prius
1437 844 1590 879 condito,
1608 843 1827 884 magnificum
1846 843 1953 874 domi-

116 907 195 926 num
220 895 411 926 Marsilium
437 897 479 927 de
504 896 664 927 Carraria
688 897 752 928 sibi
779 897 1006 928 universalem
1033 898 1205 928 constituit
1228 898 1392 929 heredem
1418 897 1550 938 sibique
1583 897 1837 928 commendavit
1870 896 1954 927 filias

116 948 287 990 legitimas
310 954 343 980 et
367 949 454 980 filios
479 948 662 985 naturales,
687 955 723 980 ut
747 950 790 981 de
814 950 897 991 ipsis
920 950 1133 991 provideret.

556 1071 636 1104 XX.
660 1090 704 1094 ——
725 1073 868 1104 Domini
897 1074 1073 1105 Ubertinas
1096 1078 1129 1104 et
1151 1073 1349 1113 Bomfhcius
1362 1073 1513 1116 fratres.

204 1165 255 1200 47.
280 1166 378 1207 [151].
405 1185 444 1189 -
471 1165 574 1198 Anno
601 1167 728 1198 domini
762 1167 953 1205 MCCCIII,
986 1168 1046 1199 filii
1078 1168 1218 1199 domino
1250 1167 1414 1199 Iaeobino
1446 1167 1489 1199 de
1520 1167 1681 1200 Carraria
1699 1173 1950 1198 successerunt.

113 1220 157 1251 Hi
181 1219 244 1251 viri
268 1221 406 1252 fuerunt
431 1220 617 1263 magnifici,
642 1220 675 1251 in
701 1220 841 1252 civitate
867 1227 1025 1262 potentes
1056 1227 1090 1252 et
1112 1221 1156 1252 ab
1185 1220 1340 1252 omnibus
1373 1222 1562 1259 formidati,
1593 1232 1696 1262 opum
1728 1222 1952 1262 prepolentes

112 1272 298 1310 affluencia,
323 1273 443 1304 amicis
466 1273 653 1305 fidelissimi
688 1280 722 1305 et
745 1274 963 1305 inimicorum
995 1280 1234 1314 persecutores
1258 1274 1440 1311 durissimi,
1463 1274 1701 1311 familiaribus,
1717 1274 1891 1305 nobilibus
1919 1280 1953 1305 et

110 1325 246 1358 idoneis
271 1326 449 1362 delectati,
466 1326 498 1357 in
515 1327 610 1368 equis
627 1333 660 1358 et
677 1327 781 1358 armis
804 1326 996 1366 splendidi:
1015 1333 1077 1364 set,
1100 1328 1135 1358 in
1157 1328 1333 1359 iuventute
1357 1338 1417 1358 sua
1442 1328 1580 1360 domino
1598 1327 1784 1358 Bonifacio
1801 1338 1820 1358 a
1844 1333 1951 1358 morte

114 1385 334 1420 supervento,
362 1380 556 1421 superstitit
580 1380 738 1411 dominus
764 1380 962 1412 Ubertiuus.
1010 1380 1078 1411 Hic
1103 1381 1168 1412 fuit
1194 1381 1251 1411 alti
1277 1381 1392 1417 animi,
1417 1381 1527 1412 nichil
1551 1387 1618 1412 tam
1644 1380 1765 1423 ingens
1798 1387 1831 1412 et
1863 1381 1951 1421 peri-

113 1433 277 1471 culosum,
301 1433 392 1474 quod
424 1434 546 1476 agredi
578 1434 796 1471 formidaret,
827 1434 922 1475 quod
945 1434 979 1464 in
1005 1440 1114 1466 morte
1144 1433 1345 1474 Gu[i]lielmi
1370 1435 1482 1465 Dente
1507 1440 1619 1474 potest
1649 1434 1831 1465 manifeste
1856 1444 1950 1465 com-

111 1485 290 1527 prehendi.
338 1487 422 1518 Erat
446 1487 537 1518 enim
562 1487 625 1518 iste
651 1487 856 1518 Guilielmus
880 1488 991 1518 Dente
1016 1487 1070 1519 vir
1093 1487 1126 1517 in
1152 1488 1292 1519 civitate
1326 1494 1459 1528 potens,
1484 1486 1702 1518 multitudine
1727 1488 1839 1518 clarus
1867 1488 1951 1518 ami-

112 1548 241 1574 corum,
265 1539 375 1571 eciam
399 1538 465 1580 ipsi
489 1539 628 1570 domino
654 1538 824 1571 Ubertino
850 1539 982 1580 duplici
1007 1539 1166 1570 affinitate
1189 1539 1393 1570 coniunctus
1405 1538 1426 1570 ⁶.
1473 1538 1531 1570 Set
1548 1546 1621 1570 orta
1638 1539 1727 1570 inter
1743 1550 1803 1570 eos
1820 1539 1949 1570 discor—

110 1590 167 1622 dia
191 1591 376 1623 occasione
401 1591 581 1623 cuiusdam
605 1592 737 1633 pelicis,
762 1593 806 1622 ad
830 1603 932 1633 quam
957 1598 1113 1633 uterque,
1136 1592 1247 1623 silicet
1271 1591 1476 1623 Guilielmus
1505 1598 1539 1623 et
1569 1592 1726 1622 dominus
1750 1592 1948 1630 Ubertinus‚

111 1644 336 1682 accedebant,
359 1646 395 1676 in
419 1643 666 1685 MCCCXXV,
692 1645 748 1676 die
773 1654 849 1676 XVII
874 1645 968 1685 iunii,
993 1645 1170 1685 predictus
1200 1645 1359 1676 dominus
1392 1645 1595 1681 Ubertinus‚
1619 1645 1771 1676 sociatus
1802 1645 1949 1676 Tartaro

110 1699 152 1729 de
176 1698 406 1739 Lendenaria,
431 1699 626 1740 predictum
652 1698 871 1730 Guilielmum
897 1699 1086 1736 interfecit,
1112 1709 1178 1729 non
1203 1698 1360 1739 inspecto
1385 1699 1478 1740 quod
1503 1699 1614 1729 dictus
1643 1698 1847 1730 Guilielmus
1871 1709 1947 1729 cum

110 1749 328 1782 multitudine
352 1761 490 1782 suorum
513 1757 602 1782 esset
628 1756 707 1782 ante
732 1751 867 1782 ianuam
891 1761 949 1782 sue
974 1750 1213 1787 habitacionis,
1237 1751 1389 1792 quinimo
1413 1750 1476 1782 sibi
1498 1750 1612 1788 iratus,
1631 1761 1705 1782 cum
1723 1752 1833 1791 ipsum
1851 1761 1949 1792 aspe-

109 1804 168 1841 xit,
193 1804 244 1835 ire
268 1804 447 1845 inpaciens
470 1804 505 1834 iu
530 1805 641 1845 ipsum
664 1804 751 1835 fecit
776 1804 950 1840 insultum,
974 1814 1075 1845 quern
1100 1814 1178 1835 mox
1210 1804 1391 1835 interemit.
1436 1803 1503 1834 Pro
1527 1804 1623 1835 cuius
1650 1809 1758 1835 morte
1782 1803 1948 1835 Puliouus

109 1857 153 1888 de
179 1857 386 1888 Bechadelis
411 1858 454 1889 de
479 1857 646 1894 Bononia,
670 1857 790 1888 Padue
814 1863 976 1898 potestas,
993 1857 1147 1897 spoliatis
1171 1862 1204 1888 et
1227 1853 1355 1888 eversis
1379 1856 1535 1888 domibus
1558 1857 1792 1898 predictorum
1818 1857 1947 1888 domini

111 1909 267 1942 Ubertiui
292 1915 326 1941 et
348 1910 500 1948 Tartari,
524 1910 618 1950 ipsos
642 1909 727 1940 fecit
751 1910 794 1941 de
820 1910 937 1941 Padua
955 1909 1102 1940 banniri.
1140 1908 1222 1946 Qui,
1238 1909 1451 1950 spoliacione
1468 1915 1501 1940 et
1517 1910 1696 1940 eversione
1713 1909 1852 1947 turbati,
1870 1919 1946 1940 cum

110 1963 248 1994 domino
272 1963 364 1994 Cane
389 1969 637 1999 convenerunt,
663 1963 719 2004 qui
745 1969 826 1994 tunc
852 1963 1005 1994 Paduam
1029 1960 1222 2000 obsidebat,
1247 1962 1346 2003 eique
1373 1963 1544 1993 dederunt
1567 1962 1705 1994 obsides
1728 1962 1817 1993 filios
1839 1968 1872 1993 et
1888 1973 1947 1994 ne-

109 2021 226 2057 potes3
252 2021 304 2047 set
326 2016 488 2057 precibus
512 2016 655 2047 aliorum
682 2014 725 2046 de
751 2014 911 2046 Carraria
935 2015 1002 2046 hoc
1019 2014 1141 2046 omisso
1159 2015 1344 2055 proposito,
1365 2016 1492 2046 deinde
1510 2021 1586 2055 post
1604 2015 1794 2046 habuerunt
1811 2015 1947 2047 obsides

109 2079 196 2109 suos,
221 2070 361 2111 quando
386 2068 516 2100 domini
547 2068 699 2099 Marcius
730 2075 764 2099 et
796 2068 965 2099 Iordanus
995 2068 1151 2109 Forcate‚
1185 2069 1388 2099 Franciscus
1412 2067 1454 2099 de
1488 2068 1672 2109 Vigoncia‚
1704 2067 1946 2100 Prosdocimus

109 2121 263 2164 Caligine
287 2130 320 2153 et
344 2121 518 2163 Rugerius
543 2123 586 2153 de
612 2121 779 2152 Flabiano
803 2121 997 2152 habuerunt
1021 2121 1129 2151 eciam
1154 2132 1243 2158 suos,
1268 2131 1353 2162 quos
1378 2122 1545 2152 dederant
1569 2121 1662 2162 quod
1681 2121 1873 2152 confinibus
1888 2132 1948 2163 pa-

108 2181 231 2212 rerent,
258 2185 337 2207 cum
360 2174 545 2206 occasione
570 2174 698 2206 domini
726 2174 863 2206 Nicolai
889 2175 932 2205 de
957 2174 1117 2206 Carraria
1143 2175 1282 2205 fuerunt
1307 2174 1480 2205 continati.

196 2272 235 2303 48
261 2271 360 2312 [152].
388 2290 426 2294 —-
453 2272 587 2303 Eodem
611 2277 725 2303 autem
750 2271 942 2309 millesimo,
968 2271 1092 2302 Paulus
1117 2271 1228 2302 Dente
1242 2270 1264 2306 ⁷,
1290 2272 1397 2302 frater
1413 2270 1576 2301 naturalis
1592 2271 1739 2312 predicti
1757 2271 1944 2310 Guilielmi,

108 2325 212 2366 ipsius
234 2331 378 2356 mortem
402 2325 638 2356 vindicaturus
663 2331 784 2356 contra
807 2324 1048 2356 Carrarieuses
1073 2325 1276 2356 coniuravit.
1324 2325 1363 2355 Et
1386 2324 1436 2355 sic
1462 2324 1516 2355 die
1541 2333 1617 2355 xxn
1642 2324 1847 2365 septembris
1865 2335 1940 2356 cum

110 2378 204 2419 equis
226 2378 315 2410 forte
342 2388 402 2409 xvr
427 2378 483 2409 vel
508 2378 601 2409 circa
624 2384 658 2409 et
683 2378 858 2418 peditibus
882 2376 1154 2419 quinquaginta⁸
1187 2378 1230 2408 ad
1263 2378 1417 2418 platheas
1449 2378 1534 2409 fecit
1565 2377 1734 2415 insultum,
1760 2389 1837 2409 cum
1869 2378 1941 2409 eius

110 2431 266 2463 comitiva
289 2431 500 2462 exclamans:
527 2431 621 2462 vivat
643 2430 790 2473 populus
814 2435 847 2462 et
871 2432 1060 2462 moriantur
1084 2431 1278 2472 proditores
1309 2430 1349 2460 de
1384 2431 1558 2466 Carraria,
1582 2432 1766 2472 statimque
1791 2432 1943 2463 cucurrit

198 2550 222 2574 3.
241 2543 385 2575 magnifici
407 2544 518 2567 domini
539 2543 562 2567 S
580 2557 611 2560 —
633 2549 673 2573 25.
694 2550 760 2566 mox
779 2543 918 2574 spoliavit
938 2543 960 2567 S
978 2556 1008 2559 ——
1032 2542 1116 2573 27-28.
1138 2544 1203 2573 quia
1230 2544 1378 2566 domorum
1404 2550 1515 2565 suarum
1542 2544 1690 2566 eversione
1714 2544 1740 2566 et
1765 2543 1941 2574 spoliacione

113 2585 216 2609 turbati
244 2585 376 2609 dominus
396 2585 550 2609 Ubertinus
570 2588 597 2609 et
617 2586 753 2609 Tartarus
779 2587 975 2609 convenerunt
1000 2593 1062 2608 cum
1089 2585 1203 2609 domino
1230 2585 1306 2608 Cane
1333 2586 1355 2608 ὁ·
1379 2599 1409 2601 ἡ
1437 2584 1525 2616 2829.
1545 2585 1664 2614 obsides,
1686 2586 1733 2615 qui
1753 2586 1813 2609 eius
1834 2588 1939 2616 partem

114 2627 249 2656 foverent,
268 2628 315 2652 sed
336 2628 466 2660 precibus
485 2628 599 2651 tandem
619 2629 741 2651 aliorum
763 2629 795 2651 de
815 2628 947 2652 Carraria
961 2628 1016 2651 hoc
1031 2629 1199 2651 remiserunt
1219 2628 1395 2659 propositum
1417 2627 1439 2650 S
1458 2640 1488 2643 —
1509 2634 1551 2657 30.
1571 2627 1698 2658 quando]
1719 2629 1852 2658 quoniam
1873 2627 1939 2652 S—

114 2675 154 2700 31.
168 2675 231 2693 suos
252 2670 364 2693 obsides
384 2670 407 2694 S
424 2682 432 2686 -
452 2669 546 2693 Padue
566 2670 659 2694 deder.
679 2670 701 2694 S
720 2683 751 2687 —
773 2677 813 2701 32.
835 2671 999 2701 consignati
1021 2670 1043 2694 S
1061 2683 1091 2686 —-
1114 2677 1154 2701 33.
1175 2670 1331 2700 supradicti
1352 2668 1374 2693 S

195 2755 203 2771 ²
223 2757 358 2787 Com-os„
381 2758 518 2788 Chronica,
540 2758 574 2787 II,
592 2758 630 2782 18.
669 2758 715 2782 Cf.
730 2758 882 2788 Mussm-o,
898 2760 939 2781 De
948 2767 996 2789 ge-
1140 2756 1149 2771 ⁴
1171 2759 1305 2787 emarus,
1326 2757 1419 2780 chron.
1440 2758 1496 2783 cit..
1517 2758 1550 2785 ΙΙ,
1574 2756 1616 2780 18:
1636 2758 1649 2770 ‘¹
1663 2760 1692 2781 ut
1713 2759 1754 2782 sui
1770 2759 1864 2789 patrui
1880 2760 1938 2781 vin-

109 2799 164 2826 Slt's.
184 2798 256 2829 XIII,
276 2798 292 2823 6
312 2798 366 2830 (ed.
387 2800 500 2827 ΜΕΒΙΝ,
520 2808 546 2831 p.
561 2801 592 2831 83
615 2798 695 2831 sgg.)‚
1050 2800 1181 2823 “dicaret
1202 2800 1337 2822 iniuriam
1354 2817 1375 2830 Π,
1396 2801 1564 2823 sottaceudo
1585 2801 1605 2823 il
1623 2808 1706 2824 nome
1721 2802 1750 2824 di
1765 2802 1876 2833 lan-opo,
1891 2802 1940 2832 qui

194 2838 205 2855 ²
223 2840 369 2870 MUSSATO,
390 2843 433 2866 De
449 2842 546 2873 gestis.
568 2842 641 2869 ΧΙΙΙ,
662 2842 677 2865 6
698 2843 752 2875 (cd.
773 2843 885 2869 Manis,
900 2850 927 2873 p.
942 2841 997 2872 84).
1050 2849 1183 2874 cspresso.

195 2879 206 2896 ³
218 2882 270 2906 Nel
285 2882 399 2907 Cortusi
417 2883 527 2913 (Chron.
539 2885 596 2912 cit„
610 2884 643 2912 11,
662 2883 703 2915 18)
719 2885 738 2907 il
755 2892 836 2907 nome
850 2885 876 2908 di
893 2885 995 2915 Iacopo
1137 2882 1147 2897 5
1168 2882 1304 2909 Comus„
1329 2884 1466 2914 Chronica,
1483 2884 1533 2912 111,
1555 2890 1577 2915 5.

108 2929 124 2946 a
143 2924 240 2953 questo
260 2926 413 2956 proposlto
434 2932 491 2948 non
512 2923 526 2948 ὲ
548 2926 637 2949 fatto:
665 2926 789 2949 “ductus
811 2926 866 2949 suit
885 2925 995 2948 Macha-
1138 2923 1148 2939 θ
1169 2925 1306 2953 Comus,
1330 2926 1469 2955 Chronica,
1487 2926 1535 2953 ΙΙΙ,
1556 2925 1579 2949 6.

110 2963 122 2975 ¹⁴
135 2964 218 2988 ruffus
236 2964 368 2996 Paduam,
388 2975 468 2997 quem
489 2968 631 2998 aspiciens
649 2968 795 2991 Marsilius
809 2967 842 2991 de
857 2967 997 2995 Carraria,
1138 2964 1149 2981 ⁷
1171 2967 1304 2993 Com-us„
1328 2969 1465 2995 Chronica,
1484 2968 1531 2993 ΙΙΙ,
1553 2968 1577 2991 6.

110 3005 229 3037 “gladio
251 3008 412 3033 vulneravit
432 3012 479 3032 etc.
491 3027 514 3041 ,‚.
1137 3008 1147 3023 ⁸
1167 3010 1218 3033 Nel
1239 3010 1355 3032 Cortusi
1370 3008 1427 3041 (111,
1450 3009 1476 3040 6)
1498 3018 1596 3034 manca
1616 3013 1713 3041 questa
1736 3013 1936 3042 precisazionc.
