2422 3684
415 217 464 252 40
764 215 939 251 GESTA
967 214 1272 250 MAGNIFICA
1299 214 1484 250 DOMUS
1514 214 1900 251 CARRARIENSIS

505 350 576 381 110.
601 350 702 391 [110].
726 367 768 374 ·-
791 349 958 382 Dominus
979 348 1153 381 Marsilius
1175 349 1317 390 grandis
1333 348 1454 380 videns
1471 354 1506 380 et
1521 350 1747 382 considerans
1764 352 1889 383 ducem
1905 351 2063 383 Karintie
2079 351 2251 384 defecisse

413 402 450 434 in
472 403 698 444 promissione
722 414 783 435 sua
807 403 1076 444 coniectansque
1101 402 1276 434 civitatem
1307 403 1442 434 assidue
1467 401 1513 433 acl
1543 404 1641 444 peius
1673 404 1850 436 declinare
1866 404 1884 445 ¹,
1916 405 2068 436 hesitans
2099 405 2182 446 quid
2213 406 2249 436 in

415 462 483 487 tam
505 457 689 489 manifesto
713 457 869 499 periculo
894 458 986 489 foret
1009 456 1195 497 agendum.
1219 456 1268 487 sic
1292 466 1409 487 secum
1433 455 1551 488 stricte
1575 457 1743 489 allocutus
1767 464 1832 490 est:
1863 458 2058 490 “Dominus
2085 458 2251 489 Nicotaus

422 509 493 541 “de
518 509 678 542 Carraria
702 521 778 542 cum
803 510 1005 542 extrinsecis
1028 508 1203 541 Paduanis
1226 515 1326 541 extra
1349 515 1467 550 portas
1496 510 1539 542 de
1563 510 1650 541 villis
1671 521 1735 552 pro
1767 511 1864 543 libito
1890 511 2052 553 disponit,
2082 516 2251 554 autorque

423 563 550 594 “huius
573 564 715 596 sceleris
739 564 899 596 dominus
929 563 1033 595 Canis
1056 563 1124 595 hoc
1154 563 1289 594 nescire
1321 563 1467 595 simulat.
1513 564 1552 595 In
1583 565 1724 595 civitate
1757 564 1859 596 audio
1892 565 2121 606 querelantes,
2153 564 2251 595 fletus

421 617 434 631 “
449 617 580 658 aspicio
601 617 878 650 mendicancium
895 623 938 658 et,
957 616 1117 648 exulante
1135 617 1274 658 penitus
1290 617 1440 653 iusticia,
1457 617 1550 649 cives
1566 617 1712 658 optimos
1728 617 1830 650 video
1848 618 1994 649 cruciari
2013 628 2077 649 nec
2094 617 2201 649 solum
2218 617 2252 648 in

420 670 433 685 ‘⁴
448 670 595 709 publicis
619 670 826 708 carceribus,
850 670 911 702 sed
935 670 1036 702 etiam
1060 675 1094 701 et
1117 670 1152 701 in
1176 669 1335 710 privatis3
1361 669 1496 701 assidue
1519 670 1689 702 maleficia
1719 671 1997 709 commictuntur‚
2022 671 2145 713 quibus
2170 669 2252 702 resi-

422 724 539 754 “ste—re
564 731 644 765 apte
670 735 737 756 non
761 725 861 756 valeo
886 730 1026 765 propter
1050 729 1208 756 autorum
1233 723 1442 763 potenciam,
1465 723 1494 754 si
1517 724 1570 755 his
1592 724 1758 755 voluerim
1782 724 1935 762 obviare,
1959 724 2150 756 formidans
2167 723 2252 754 mihi

422 777 593 808 “mortem
617 778 772 810 iminere.
819 778 855 809 In
887 777 1101 809 Alemaniam
1125 777 1276 819 equitavi
1303 782 1337 808 et
1361 777 1442 808 duci
1466 776 1635 809 Karincie
1667 778 1872 819 supplicavi,
1904 785 1940 810 ut
1970 778 2123 820 periture
2154 787 2251 808 suve‹

421 830 434 845 “
448 829 536 862 niret
560 831 704 868 civitati,
729 832 787 873 qui
811 843 872 863 suo
896 836 1112 863 sacramento
1136 830 1292 872 promisit
1315 830 1435 862 Padue
1459 831 1690 871 personaliter
1711 832 1880 863 suvenire.
1911 832 1981 862 Iam
1998 842 2059 863 sua
2075 829 2252 872 promissio

422 882 559 915 “caruit
583 885 722 916 effectu.
768 885 846 916 Dux
871 884 1008 916 Austrie
1030 885 1118 916 iusta
1142 894 1246 915 causa
1270 883 1432 915 auxilium
1457 883 1663 926 denegavit:
1689 884 1846 916 obsessus
1869 884 1960 916 enim
1979 890 2030 916 est
2052 884 2085 915 in
2105 883 2252 915 Vienna.

421 936 434 951 “
449 935 629 969 Conradus
654 939 696 970 de
722 939 931 978 Ovestaejno,
957 939 1015 980 qui
1039 938 1211 969 beneficia
1234 943 1302 969 tam
1328 937 1433 968 multa
1453 936 1501 978 [et
1522 942 1591 968 tam
1614 937 1788 979 uberiora]
1804 939 1939 979 recepit
1962 949 1982 969 a
2007 937 2136 973 Padua,
2159 936 2254 967 auxi-

420 988 434 1004 “
449 989 526 1021 liari
551 991 701 1034 denegat
724 992 868 1028 civitati,
891 992 957 1023 nisi
982 1002 1047 1034 ego
1072 991 1164 1023 solus
1187 991 1230 1022 de
1255 990 1428 1032 stipendio
1454 990 1582 1023 faciam
1605 989 1669 1022 sibi
1693 991 1806 1023 fidem.
1852 990 1997 1023 Iohanni
2020 1000 2150 1022 summo
2167 999 2252 1030 pon-

420 1043 433 1058 “
449 1043 531 1074 tifici
556 1045 592 1075 in
617 1045 815 1086 Avi[ni]0ne
846 1045 984 1087 scripsi:
1010 1055 1070 1077 suo
1097 1045 1214 1087 legato
1239 1045 1406 1082 Bononie‚
1432 1044 1504 1075 filio
1528 1044 1619 1087 regis
1641 1043 1803 1082 Roberti‚
1832 1045 2020 1082 Florentie,
2053 1043 2166 1076 cuntis
2188 1042 2255 1074 Pa-

423 1097 436 1111 “
451 1095 641 1129 duanorum
666 1099 818 1140 patefeci
844 1099 1055 1131 calamitates
1078 1105 1111 1130 et
1136 1098 1303 1130 auxilium
1327 1098 1527 1139 imploravi,
1553 1108 1628 1129 cum
1647 1097 1784 1130 domino
1801 1098 1943 1130 Mantue
1960 1104 2092 1130 secrete
2110 1095 2252 1128 tractavi

422 1152 435 1164 ‘⁴
449 1155 483 1180 et
507 1160 583 1181 cum
608 1152 861 1184 marchionibus
884 1153 1055 1189 Fexrarie,
1079 1158 1116 1183 ut
1138 1150 1258 1183 Padue
1283 1151 1493 1182 suvenirent.
1540 1151 1616 1183 Hec
1633 1151 1749 1183 omnia
1763 1151 1813 1182 nil
1832 1161 1970 1192 prorsus
1987 1151 2137 1191 valuere,
2157 1149 2254 1191 quin-

422 1203 528 1241 “imo‚
552 1205 643 1245 quod
668 1205 766 1247 peius
791 1212 851 1242 est,
877 1206 1049 1237 Tarvisini
1074 1205 1136 1237 sub
1162 1204 1314 1236 dominio
1340 1204 1438 1236 ducis
1462 1204 1627 1236 Karincie
1652 1203 1825 1236 nobiscum
1850 1204 2025 1236 constituti
2043 1203 2144 1235 nobis
2161 1201 2254 1234 auxi-

420 1255 435 1270 “
451 1256 531 1287 lium
556 1256 732 1299 denegant
755 1259 887 1291 tociens
911 1259 1117 1301 postulatum
1140 1258 1268 1290 Veneti
1293 1258 1388 1300 quasi
1404 1258 1503 1290 nobis
1517 1257 1689 1299 imperant
1705 1257 1874 1300 quidquid
1890 1257 1973 1300 ipsis
1988 1258 2104 1299 placet
2117 1260 2147 1294 „2
2179 1255 2255 1286 Hec

418 1314 452 1341 et
475 1310 541 1341 alia
564 1311 669 1343 multa
693 1311 773 1343 dum
798 1313 976 1353 predictus
1001 1313 1159 1344 dominus
1182 1311 1358 1343 Marsilius
1381 1322 1499 1343 secum
1522 1311 1695 1351 agitasset,
1719 1322 1835 1343 secum
1859 1311 1980 1343 iterum
2005 1311 2066 1342 ait:
2089 1309 2254 1341 “Possem

421 1362 434 1377 “
451 1362 617 1395 Veneciis
640 1364 673 1395 in
700 1365 838 1398 diviciis
863 1366 1042 1397 affluenter
1066 1366 1194 1402 vivere,
1218 1365 1279 1397 sed
1304 1365 1425 1402 eciam,
1449 1364 1477 1395 si
1495 1375 1554 1396 sue
1572 1365 1658 1396 mori
1682 1370 1851 1406 oporteat,
1868 1363 2029 1396 suvenire
2046 1363 2160 1405 patrie
2176 1372 2252 1393 mee

421 1417 435 1431 ‘⁶
450 1417 538 1448 volo.
583 1416 654 1448 Iam
680 1419 769 1450 sicut
792 1419 932 1451 domino
956 1418 1106 1450 Nicolao
1130 1418 1173 1449 de
1198 1417 1359 1450 Carraria
1383 1424 1434 1450 est
1458 1418 1537 1455 filia,
1561 1428 1662 1460 quam
1687 1417 1827 1450 domino
1859 1417 2010 1450 Mastino
2037 1417 2148 1448 tradat
2171 1426 2256 1447 uxo-

422 1469 435 1483 “
451 1480 534 1506 rem,
559 1477 593 1502 et
616 1471 721 1503 miehi
746 1472 860 1514 neptis
884 1478 934 1503 est
957 1472 1027 1503 filia
1051 1471 1181 1503 domini
1204 1470 1322 1503 Iacobi
1339 1471 1491 1514 grandis,
1508 1481 1608 1513 quam
1627 1470 1708 1502 dare
1724 1471 1788 1512 ipsi
1806 1470 1916 1502 eciam
1941 1480 2078 1512 possum
2102 1478 2254 1500 uxorem.

423 1523 437 1538 ‘⁴
453 1522 578 1554 Nonne
603 1530 637 1555 et
661 1535 739 1566 ego,
762 1524 820 1566 qui
844 1525 878 1556 in
903 1525 1023 1556 Padua
1046 1535 1131 1562 sum,
1157 1524 1278 1555 melius
1301 1524 1332 1555 ei
1357 1535 1458 1565 quam
1483 1523 1645 1556 dominus
1672 1523 1851 1561 Nicolaus,
1875 1523 1932 1566 qui
1957 1529 2055 1555 extra
2078 1528 2140 1559 est,
2172 1522 2256 1552 dare

425 1577 589 1616 “possum
614 1577 845 1619 civitatem?„
876 1578 999 1620 Itaque
1023 1588 1129 1619 super
1151 1588 1212 1609 suo
1237 1577 1413 1620 proposito
1437 1577 1628 1609 deliberate
1652 1587 1729 1609 cum
1753 1575 1925 1619 aliquibus
1948 1575 2118 1608 nobilibus
2142 1585 2257 1607 comu-

418 1630 534 1661 nicato
559 1631 712 1668 consilio,
737 1641 814 1663 cum
839 1631 980 1664 domino
1007 1631 1100 1663 Cane
1125 1631 1204 1662 dela
1231 1630 1333 1663 Scala
1358 1630 1401 1662 de
1426 1631 1614 1663 concordia
1638 1630 1725 1663 clam
1748 1630 1918 1662 tractavit.

510 1756 581 1786 111.
605 1755 706 1796 [111].
734 1774 768 1777 -
797 1755 917 1788 Rebus
940 1756 990 1787 sic
1014 1765 1049 1788 se
1075 1755 1280 1788 habentibus
1303 1754 1462 1786 dominus
1477 1754 1651 1786 Marsilius
1673 1754 1822 1795 grandis,
1845 1754 1890 1784 ad
1912 1763 1949 1784 se
1966 1759 2091 1785 vocato
2108 1752 2256 1795 quodam

420 1819 481 1840 suo
505 1809 733 1840 secretissimo
747 1808 770 1846 ²,
794 1809 844 1840 sic
869 1809 912 1840 ad
937 1820 1013 1840 eum
1039 1809 1174 1839 locutus
1197 1815 1262 1840 est:
1293 1808 1414 1840 “Volo
1446 1808 1539 1850 quod
1569 1808 1614 1839 ad
1646 1807 1819 1840 dominum
1852 1805 1981 1838 Canem
2013 1807 2172 1843 accedas,
2202 1806 2256 1837 cui

425 1862 631 1893 “civitatem
656 1861 775 1893 Padue
800 1868 833 1893 et
856 1873 1038 1903 personam
1063 1873 1173 1893 meam
1198 1861 1305 1893 libere
1331 1861 1460 1893 offeras
1484 1860 1614 1902 absque
1636 1866 1754 1902 pact0;
1780 1860 1860 1891 volo
1884 1865 1999 1891 tamen
2023 1860 2114 1901 quod
2139 1859 2257 1890 matri-

426 1917 439 1931 “
453 1915 602 1946 monium
629 1915 671 1946 de
697 1916 837 1946 domina
860 1916 1008 1947 Thadea
1026 1922 1060 1947 et
1076 1915 1226 1947 Mastino
1244 1914 1323 1946 dala
1342 1914 1442 1946 Scala
1466 1915 1668 1955 promissum
1687 1914 1870 1955 magnifico
1886 1919 2007 1955 patruo
2022 1923 2098 1943 meo
2115 1911 2256 1944 domino

426 1967 580 1999 “Iacobo
606 1967 648 1999 de
673 1968 834 2000 Carraria
858 1968 1083 2009 compleatur.
1129 1967 1226 2005 Item,
1250 1968 1344 2009 quod
1369 1967 1506 1999 domino
1523 1967 1611 1999 Cani
1629 1967 1766 2007 placeat
1783 1975 1900 1997 omnes
1918 1965 2069 2002 iniurias,
2086 1976 2105 1997 a
2122 1965 2257 1996 Padua-

427 2022 507 2052 “nis
531 2027 701 2062 receptas,
724 2027 792 2052 tam
818 2022 850 2052 in
878 2022 1014 2052 comuni
1040 2032 1141 2063 quam
1165 2021 1201 2052 in
1224 2020 1380 2062 speciali,
1411 2019 1575 2052 oblivioni
1605 2020 1772 2051 mandare
1804 2024 1838 2050 et
1868 2018 1962 2050 cives
1993 2028 2109 2050 omnes
2132 2018 2165 2049 in
2189 2019 2258 2049 suis

424 2075 582 2106 “iuribus
606 2084 825 2113 conservare,
850 2080 885 2106 ut
908 2074 972 2106 sub
995 2085 1055 2106 sua
1081 2075 1299 2116 protectione
1325 2083 1447 2105 secure
1471 2073 1598 2104 ducere
1622 2073 1752 2114 possint
1768 2071 1870 2103 vitam
1889 2082 1994 2103 suam.
2042 2071 2140 2108 Item,
2164 2071 2258 2114 quod

515 2259 536 2276 ι.
557 2252 673 2275 Interim
694 2252 835 2275 Dominus
857 2252 878 2276 S
892 2265 922 2268 —
944 2259 967 2282 3.
987 2252 1017 2274 in
1038 2253 1095 2274 tam
1115 2250 1226 2282 patenti
1248 2249 1375 2281 periculo
1395 2248 1533 2280 agendum
1553 2249 1592 2271 sit
1612 2247 1635 2272 S
1651 2261 1682 2264 —
1703 2253 1727 2278 5.
1748 2248 1839 2279 ipsius
1860 2248 1899 2271 8-
1913 2248 2046 2279 ignorare
2066 2248 2088 2272 S
2105 2260 2113 2265 -
2133 2248 2258 2279 undique

424 2295 510 2318 audio
531 2294 553 2317 S
575 2307 608 2311 —
633 2293 686 2323 6-7.
713 2301 761 2317 ncc
787 2294 878 2317 solum
972 2294 1092 2324 primitis
1112 2301 1161 2316 om.
1182 2292 1205 2316 S
1222 2305 1230 2309 -
1251 2292 1365 2315 uberius
1392 2290 1528 2314 maleficia
1549 2290 1571 2313 S
1594 2303 1605 2309 -
1630 2290 1674 2313 his
1705 2291 1795 2313 resist.
1816 2290 1839 2314 8
1857 2303 1888 2306 —
1915 2289 1938 2313 S.
1965 2291 2083 2313 nimiam
2112 2291 2184 2314 auct.
2204 2290 2228 2314 S
2247 2303 2258 2308 -

425 2344 488 2359 nam
509 2337 531 2359 si
553 2335 690 2367 predictis
710 2336 733 2360 S
751 2349 782 2352 --
804 2335 876 2359 S—io.
898 2336 1021 2359 formido
1037 2335 1124 2358 michi
1138 2335 1320 2358 manifestum
1335 2333 1437 2356 mortis
1451 2332 1599 2356 imminere
1614 2332 1776 2355 descrimen.
1814 2331 1870 2355 Iam
1885 2332 1913 2355 in
1930 2332 2109 2355 Alemaniam
2124 2332 2258 2364 periculis

424 2380 451 2401 ct
473 2378 626 2401 formidine
644 2377 784 2408 depositis
799 2378 926 2408 equitavi
946 2378 1010 2400 duci
1032 2376 1164 2400 Knrintie
1178 2376 1309 2407 lacrymis
1330 2382 1365 2398 ex
1385 2374 1477 2397 oculis
1492 2373 1674 2397 manantibus
1695 2375 1725 2396 ut
1740 2373 1865 2404 periture
1885 2376 2056 2397 succurreret
2068 2374 2194 2403 civitati,
2211 2374 2260 2405 qui

427 2427 478 2443 suo
497 2420 682 2452 jurejurando
705 2420 862 2451 spopondit
883 2419 976 2443 Padue
997 2418 1186 2451 personaliter
1206 2417 1336 2441 suvenire.
1356 2416 1378 2440 S
1389 2429 1399 2434 -
1413 2417 1440 2439 et
1454 2416 1477 2439 S
1495 2429 1527 2432 —
1551 2422 1590 2439 ιι.
1605 2416 1696 2439 caruit
1710 2415 1733 2439 S
1744 2428 1755 2432 -
1770 2415 1853 2438 nobis
1868 2416 1964 2446 deneg.
1979 2416 2000 2439 S
2014 2429 2042 2432 —-
2061 2422 2100 2439 12.
2113 2423 2129 2439 a
2142 2417 2256 2440 comuni

425 2462 448 2486 S
465 2475 498 2479 -
517 2469 555 2493 ¹3.
575 2462 695 2493 denegat
717 2463 739 2485 S
755 2475 764 2478 -
779 2462 870 2485 solum
887 2462 909 2485 S
928 2475 959 2478 —
985 2466 1072 2492 14—15.
1092 2463 1119 2484 et
1139 2467 1190 2483 suo
1205 2460 1299 2490 legato
1315 2459 1446 2482 Bononie
1460 2458 1562 2490 scripsi
1575 2459 1736 2487 statumque
1750 2458 1879 2481 civitatis
1899 2465 2032 2490 oppressa
2049 2458 2179 2489 patefeci,
2198 2458 2259 2482 filio

425 2505 500 2536 regis
519 2503 625 2527 Robert
646 2504 793 2527 F10rentio
813 2504 984 2535 siipplicavi,
1004 2504 1048 2527 cui
1071 2502 1246 2527 calamitatis
1266 2502 1327 2532 ipse
1340 2500 1445 2528 detexi,
1460 2507 1520 2523 cum
1540 2500 1658 2523 domino
1670 2499 1786 2523 Mantuc
1807 2501 1840 2523 de
1854 2500 1966 2523 auxilio
1980 2502 2084 2524 secrete
2098 2501 2218 2524 tractavi
2239 2500 2263 2524 S

428 2560 459 2563 —
484 2545 522 2570 16.
543 2544 666 2576 valuere]
687 2546 828 2577 perfecere
848 2548 870 2570 S
888 2560 918 2563 —
940 2552 980 2576 17.
1001 2545 1125 2568 deterius
1145 2544 1167 2568 8
1183 2557 1194 2562 -
1213 2543 1310 2567 eodem
1331 2543 1448 2566 domino
1470 2542 1492 2566 S
1509 2555 1541 2559 —
1564 2541 1602 2565 18.
1624 2541 1746 2573 petitum
1761 2542 1782 2565 S
1800 2555 1825 2558 —
1844 2542 1933 2565 15-20.
1953 2542 2003 2565 liis
2019 2542 2170 2574 perplexus
2184 2542 2259 2566 curis

426 2589 491 2612 (ium
507 2589 594 2611 multa
609 2595 698 2611 secum
721 2588 854 2611 (lominus
874 2587 1024 2611 Marsilius
1043 2587 1181 2617 agitasset
1202 2586 1268 2609 haec
1290 2587 1391 2608 iterum
1412 2585 1506 2607 niente
1525 2583 1662 2607 revolvit:
1686 2583 1823 2606 “Possem
1843 2584 1976 2607 Veneciis
1992 2584 2141 2608 affluenter
2156 2584 2260 2612 vivere,

426 2636 529 2661 sueque
555 2630 731 2653 instantibus
753 2630 873 2652 eximere
895 2629 1039 2661 periculis,
1060 2628 1105 2652 secl
1126 2629 1220 2655 etiam,
1241 2627 1266 2650 si
1286 2633 1329 2650 me
1351 2627 1422 2649 mori
1444 2626 1575 2657 oporteat
1593 2624 1616 2649 S
1634 2638 1665 2641 -—
1687 2631 1727 2648 21.
1748 2625 1828 2648 adest
1849 2626 1871 2649 8
1886 2639 1919 2642 -
1941 2631 1981 2649 22.
2001 2628 2028 2649 et
2055 2634 2107 2657 ego
2129 2628 2258 2658 nepotem

427 2672 524 2699 habeo,
544 2671 632 2694 filiam
653 2673 675 2695 S
693 2684 700 2688 -
721 2671 774 2694 Iac.
794 2678 834 2702 gr.
855 2672 887 2694 tle
908 2671 1040 2694 CarrarIa
1061 2671 1084 2695 S
1100 2683 1111 2688 -
1129 2670 1185 2701 ipsi
1205 2669 1326 2692 domino
1347 2668 1471 2691 Mastino
1494 2668 1515 2691 S
1532 2680 1565 2683 —
1587 2673 1676 2698 23-24.
1698 2667 1853 2698 meliusque
1872 2670 1899 2691 et
1919 2675 1970 2699 ego
1985 2669 2029 2698 qui
2046 2668 2076 2691 in
2090 2667 2185 2692 Padua
2199 2675 2259 2691 sum

428 2714 528 2737 melius
548 2713 612 2739 sibi.
633 2714 678 2743 qui
701 2713 796 2736 Padue
816 2721 912 2744 preci-0
934 2715 990 2736 imo
1010 2720 1093 2743 quam
1113 2712 1248 2736 (lominus
1266 2710 1411 2737 Nieolaus,
1432 2710 1478 2740 qui
1502 2709 1573 2732 foris
1593 2711 1644 2737 cst,
1664 2709 1728 2732 dare
1745 2716 1860 2741 possum
1881 2711 2049 2733 civitatem?
2069 2710 2092 2734 S
2109 2723 2140 2727 —
2162 2716 2202 2740 ²4-
2223 2717 2259 2733 an

427 2756 586 2779 deliberato
607 2756 647 2779 8-
662 2753 763 2787 nobil]
782 2756 881 2778 amicis
903 2757 960 2778 suis
980 2756 1002 2779 S
1020 2768 1052 2772 —
1073 2761 1115 2785 25.
1135 2753 1196 2777 dela
1217 2753 1298 2777 Scala
1315 2761 1363 2776 om.
1381 2751 1405 2776 S
1421 2764 1431 2769 -
1452 2753 1574 2775 tractare
1593 2751 1726 2782 conccpst
1746 2752 1768 2775 S
1786 2764 1817 2768 —
1837 2750 1879 2775 26.
1899 2751 2080 2784 Supradictis
2094 2752 2138 2775 his
2152 2753 2179 2776 et
2192 2752 2259 2775 aliIs

429 2799 559 2830 pluribus
573 2798 681 2821 domini
698 2797 820 2820 Marsilii
843 2800 936 2820 mente
956 2797 1105 2826 revolutis,
1129 2797 1189 2828 ipse
1209 2796 1283 2819 dom.
1302 2794 1326 2819 S
1342 2806 1371 2810 —
1392 2792 1432 2817 28.
1453 2793 1611 2817 dominium
1633 2794 1762 2817 civitatis
1782 2793 1805 2817 S
1822 2806 1832 2810 —
1852 2795 1880 2817 et
1900 2800 1941 2817 me
1963 2794 1985 2818 S
2000 2807 2010 2811 -
2030 2794 2090 2818 alio
2110 2795 2137 2818 et
2156 2794 2261 2825 absque

428 2842 451 2864 S
467 2853 499 2858 —
520 2847 561 2871 29.
583 2839 700 2863 domino
721 2841 822 2871 patruo
844 2840 866 2862 S
885 2852 915 2856 -
935 2846 978 2869 30.
999 2839 1112 2870 penitus
1133 2837 1280 2869 complect.
1300 2838 1322 2861 8
1338 2849 1347 2853 -
1367 2836 1422 2859 sibi
1443 2844 1457 2859 a
1482 2835 1548 2859 Pad.
1569 2835 1591 2858 S
1615 2849 1646 2852 —
1668 2842 1709 2866 31.
1734 2835 1832 2859 illatas
1851 2836 1874 2860 S
1898 2848 1907 2852 —
1933 2835 2003 2867 suis]
2030 2836 2156 2868 propriis
2178 2835 2202 2860 S
2224 2848 2256 2853 —

430 2889 472 2914 32.
492 2882 615 2913 quietam
635 2882 748 2913 possint
768 2881 868 2904 ducere
888 2882 977 2904 vitam
996 2880 1020 2906 S
1036 2893 1047 2899 -
1067 2881 1116 2911 qui
1135 2881 1201 2904 sunt
1220 2881 1248 2903 et
1267 2877 1362 2902 Padue
1381 2885 1431 2910 pro
1451 2878 1582 2901 civitatis
1605 2877 1737 2901 custodia
1757 2877 1945 2909 prcsidemnt,
1967 2878 2079 2910 possint
2098 2877 2122 2903 S

524 2994 531 3011 ¹
552 2994 688 3023 Conrus„
710 2994 848 3023 Chronica,
867 2993 915 3022 IV,
937 2999 958 3016 1.
1463 2987 1473 3002 ²
1493 2990 1628 3019 Com-us„
1649 2990 1787 3020 Chronica,
1806 2989 1854 3019 IV,
1875 2997 1898 3015 2.

2280 829 2318 860 10

2282 1094 2318 1126 15

2277 1362 2319 1392 20

2246 1626 2319 1683 '25

2281 1965 2322 1997 30

2293 2631 2325 2650 10

2293 2839 2321 2866 ις
