2422 3684
757 243 931 279 GESTA
960 243 1261 280 MAGNIFICA
1291 243 1478 279 DOMUS
1507 241 1895 278 CARRARIENSIS

725 377 861 409 REDAz.
886 376 919 409 A

408 449 558 492 propria,
583 447 866 491 prosequebatur,
891 454 924 480 et
946 447 1013 478 iam
1037 447 1160 490 grandi
1191 446 1252 478 flo-

407 512 565 534 renorum
584 511 710 532 acervo
734 501 924 532 serviverat
940 501 1068 532 eisdem
1085 504 1253 541 sumptus-

408 566 475 598 que
498 566 568 586 non
599 554 754 586 modicos
786 564 849 596 pro
879 555 1030 595 ipsorum
1060 554 1253 585 incurrerat

408 609 685 647 comoditatibus,
709 619 789 640 mox
813 609 857 640 de
880 607 1012 639 sentitis
1036 606 1254 638 Florentinos

409 663 604 699 ammonuit,
629 663 722 705 quod
739 672 843 693 causa
867 661 932 693 fuit
956 668 992 692 ut
1008 661 1098 693 inter
1111 660 1253 692 Floren-

408 716 499 748 ‘cinos
513 722 546 748 et
559 716 700 747 Pisanos
713 727 780 757 pax
794 715 1061 756 amplecteretur
1073 715 1252 746 effectum.

411 769 537 811 Sicque
568 774 716 800 tractatu
746 769 959 801 Ravennatis
989 767 1253 809 archiepiscopi,

410 821 583 862 generalis
606 821 789 856 Minorum,
814 827 847 852 et
877 820 1096 851 Ianuensium
1123 820 1255 862 legato-

409 886 483 906 rum
501 874 612 906 extitit
627 874 661 905 in
679 885 764 916 pace
780 874 853 915 ipsa
876 873 938 905 sub
963 879 1057 905 certa
1072 873 1148 916 lege
1174 883 1255 904 con-

413 929 553 959 clusum.

501 1141 575 1174 247.
592 1158 637 1162 —-
650 1139 859 1181 Magnificus
879 1139 1035 1170 dominus
1051 1138 1256 1169 Franciscus

412 1195 526 1227 senior
551 1195 593 1226 de
615 1192 785 1229 Carraria,
807 1202 876 1223 non
893 1192 1073 1223 immemor
1088 1191 1255 1222 minarum

413 1248 475 1280 sibi
500 1259 519 1279 a
543 1248 632 1278 duce
657 1245 795 1277 Austrie
820 1245 990 1276 illatarum
1023 1249 1164 1285 propter
1195 1243 1256 1275 do-

413 1301 594 1333 nacionem
621 1310 682 1340 per
703 1299 945 1339 imperatorem
973 1297 1035 1329 sibi
1060 1298 1188 1328 factam
1214 1297 1257 1327 de

413 1355 514 1386 terris
538 1353 645 1384 Feltri
677 1358 711 1383 et
741 1351 889 1389 Belluni,
919 1357 951 1382 et
983 1351 1077 1392 quod
1110 1350 1152 1381 de
1184 1351 1258 1392 ipso

414 1408 553 1441 domino
576 1406 670 1437 varie
694 1404 955 1448 obloquebatur,
980 1414 1045 1435 non
1072 1405 1173 1435 etiam
1197 1404 1259 1434 im-

414 1471 543 1493 memor
567 1460 701 1491 illorum
735 1459 778 1490 de
811 1457 1089 1500 Spimlimbergo,
1114 1457 1171 1500 qui
1194 1456 1259 1494 sibi

417 1514 631 1546 debebantur
663 1513 696 1543 in
728 1522 856 1553 magna
879 1511 1027 1552 pecunie
1060 1510 1260 1551 quantitate,

416 1579 516 1610 quam
533 1566 691 1608 requisiti
707 1565 840 1596 solvere
859 1569 1140 1605 contempserant
1155 1573 1260 1605 seque

416 1622 625 1652 adheserant
649 1618 730 1650 duci
756 1618 819 1659 ipsi
844 1616 982 1649 Austrie
1015 1623 1136 1648 contra
1167 1617 1263 1658 aqui-

416 1676 590 1717 legensem
616 1672 810 1710 ecclesiam,
835 1672 933 1703 cuius
950 1677 1048 1702 erant
1066 1670 1264 1703 feudatariis

418 1728 475 1771 qui
500 1727 615 1763 etiam,
640 1726 718 1756 dum
743 1725 871 1756 Veneti
896 1725 1021 1756 bellum
1045 1723 1264 1755 minabantur

419 1782 482 1823 ipsi
512 1780 652 1812 domino
677 1780 877 1816 Francisco,
900 1785 936 1810 ut
966 1784 1094 1809 tactum
1132 1783 1194 1814 est,
1227 1787 1263 1807 se

419 1840 542 1866 contra
562 1833 672 1874 ipsum
691 1833 910 1873 magnificum
929 1831 1102 1863 dominum
1120 1830 1265 1862 Venetis

419 1887 626 1922 obtulerant,
650 1885 840 1917 solicitatus
864 1896 924 1926 per
947 1884 1192 1925 patriarcham,
1211 1883 1264 1914 cui

420 1942 463 1973 de
490 1941 567 1982 ipso
599 1940 700 1975 duce.
732 1940 815 1970 licet
838 1949 954 1970 secum
987 1938 1077 1969 foret
1107 1937 1142 1967 in
1172 1942 1264 1968 treu-

419 2005 496 2037 gua,
529 1994 632 2025 timor
662 1998 735 2023 erat
765 1992 1008 2033 permaximus,
1041 1990 1189 2021 animum
1219 1990 1264 2020 ad

420 2047 602 2078 ineundam
628 2057 706 2078 cum
730 2046 803 2086 ipso
820 2044 1015 2086 patriarcha
1033 2043 1190 2075 unionem
1216 2043 1266 2073 in-

422 2100 564 2132 clinavit
582 2104 703 2130 contra
722 2099 843 2129 ducem
856 2098 966 2138 ipsum
982 2097 1140 2133 fiendam,
1157 2095 1182 2127 si
1197 2106 1265 2137 quo

423 2164 503 2186 casu
528 2154 579 2183 his
603 2152 840 2183 inimicaturus
863 2151 897 2181 in
925 2150 1058 2181 Italiam
1076 2150 1266 2180 descende—

423 2212 484 2238 ret.
514 2205 650 2247 Sexque
667 2215 708 2236 ex
727 2203 932 2235 consiliariis
948 2203 1055 2245 ipsius
1071 2201 1266 2242 patriarche

423 2259 542 2295 missis,
566 2258 624 2300 qui
649 2269 668 2289 a
693 2257 865 2298 colloquio
887 2255 1044 2299 generali
1061 2254 1177 2286 Patrie
1202 2255 1268 2286 Fo-

423 2313 529 2344 riiulii
547 2312 590 2343 ad
607 2312 674 2342 hoc
690 2316 892 2352 potestatem
909 2307 1091 2344 habebant,
1107 2308 1182 2349 ipse
1199 2318 1268 2339 ma-

423 2365 568 2408 gnificus
599 2363 757 2396 dominus
787 2363 864 2394 iniit
892 2362 1055 2393 unionem
1085 2370 1194 2402 usque
1225 2361 1268 2391 ad

424 2418 607 2450 triennium
633 2418 829 2448 duraturam
854 2421 973 2447 contra
1001 2415 1108 2446 duces
1130 2413 1269 2445 Austrie

425 2472 565 2514 eiusque
590 2471 788 2511 complices,
812 2471 933 2500 nolens
955 2468 1066 2509 ipsum
1090 2467 1194 2499 modo
1210 2466 1271 2497 ali-

426 2536 494 2566 quo
518 2525 640 2556 finibus
664 2524 732 2555 suis
754 2523 913 2554 vicinum.
961 2521 1066 2553 Cuius
1089 2521 1186 2563 pacis
1209 2521 1268 2552 do-

427 2584 585 2610 cumenta
608 2578 665 2608 vix
688 2583 784 2608 erant
800 2582 991 2607 atramento
1008 2575 1172 2612 desicata,
1190 2573 1269 2605 dum

426 2630 578 2667 leaui,
604 2630 725 2661 animis
748 2630 781 2660 in
799 2628 1113 2671 Spilimbergenses
1128 2636 1273 2659 succen-

425 2685 481 2721 sis,
498 2694 539 2715 eo
556 2683 650 2726 quod
669 2690 814 2724 propter
830 2692 929 2723 posse
945 2692 1041 2712 suum
1059 2680 1272 2712 tractabatur

427 2736 602 2768 inductiva
619 2735 786 2767 adventus
802 2734 939 2766 Austrie
957 2734 1056 2765 ducis
1071 2734 1105 2764 in
1121 2732 1271 2765 Patriam

429 2790 595 2826 Foriiulii‚
618 2795 655 2820 ut
677 2789 785 2830 ipsam
803 2788 1056 2824 subverterent,
1074 2793 1106 2818 et
1118 2787 1219 2818 etiam
1236 2791 1274 2816 ut

431 2843 655 2879 inhiberetur,
680 2851 746 2884 quo
778 2841 920 2872 veniens
951 2846 1066 2882 posset
1089 2839 1273 2876 divertere,

1322 882 1358 912 10

1325 1205 1360 1238 15

1324 1472 1364 1503 20

1327 1736 1367 1768 25

1328 2004 1369 2034 30

1331 2272 1371 2303 35

1334 2538 1374 2568 40

1336 2800 1375 2832 45

1730 375 1869 406 REDAz.
1893 374 1928 406 D

1411 448 1455 478 da
1478 447 1649 490 Fiorenca
1667 452 1788 489 questo
1806 448 1907 484 fatto,
1925 447 1990 478 che
2009 447 2046 478 fo
2064 456 2167 478 cason
2183 447 2248 478 che

1411 500 1443 531 la
1466 510 1547 542 pase
1571 500 1652 532 trai
1676 499 1866 532 Fiorentini
1891 506 1924 531 et
1949 498 2063 531 Pisani
2087 500 2249 542 segnisse-

1410 558 1455 590 Et
1478 558 1546 590 cosi
1568 568 1630 600 per
1653 558 1764 589 tracta
1780 558 1823 590 de
1845 557 2094 589 l’arcivescovo
2118 557 2161 587 de
2179 556 2250 588 Ra-

1411 625 1533 653 venna,
1557 615 1613 646 del
1636 614 1777 657 general
1809 615 1845 646 di
1875 615 1930 646 fra
1963 613 2094 645 menori
2125 619 2159 645 et
2193 614 2250 645 dei

1413 667 1609 701 ambaxaori
1641 667 1679 700 di
1716 668 1865 699 Genoesi
1895 668 1930 698 fo
1962 666 2149 698 conchiuso
2184 676 2250 698 con

1413 721 1499 755 certi
1531 721 1623 763 pacti
1646 721 1681 752 in
1704 721 1737 752 la
1768 720 1861 753 dicta
1888 730 1981 762 pase.
2027 719 2078 751 La
2107 719 2187 761 qual
2213 729 2250 751 se

1412 786 1482 807 non
1513 775 1604 807 fosse
1635 774 1823 817 seguida‚i
1851 773 2044 806 Fiorentini
2078 773 2251 804 haverave

1413 828 1551 860 habudo
1576 828 1610 859 in
1632 827 1820 859 Toschana
1844 827 1887 859 de
1912 826 1992 857 mali
2017 826 2138 858 visino.
2169 826 2253 858 Pre-

1411 884 1462 916 sto
1479 882 1632 915 etiandio
1645 883 1676 913 el
1690 882 1785 914 dicto
1801 881 1986 924 magnifico
2000 880 2114 922 signor
2129 880 2253 911 mesier

1413 936 1607 967 Francesco
1639 935 1682 966 da
1718 934 1865 966 Carrara
1891 933 1922 964 ai
1954 933 2036 964 dicti
2062 932 2252 964 Fiorentini

1414 991 1448 1022 in
1473 990 1502 1022 le
1526 1000 1563 1021 so
1586 989 1758 1021 necessita
1780 988 1814 1019 in
1839 987 1953 1030 quella
1988 997 2113 1030 guerra
2147 987 2253 1018 miara

1415 1044 1512 1076 molti
1536 1042 1571 1074 di
1596 1042 1718 1074 fiorini.

1504 1147 1577 1183 247.
1614 1167 1655 1170 —
1690 1147 1732 1179 El
1756 1147 1940 1190 magnifico
1975 1147 2092 1189 signor
2131 1147 2254 1178 mesier

1416 1204 1610 1235 Francesco
1646 1201 1690 1232 da
1724 1200 1882 1237 Carrara,
1917 1201 1947 1232 el
1983 1199 2062 1242 qual
2094 1200 2204 1232 havea
2235 1210 2253 1231 a

1416 1262 1529 1287 mente
1555 1254 1707 1297 l'incurie
1724 1254 1894 1285 recevude
1913 1253 1968 1284 dal
1986 1253 2069 1284 duse
2094 1252 2138 1284 de
2148 1252 2255 1285 'Osto-

1418 1310 1490 1340 rico
1504 1319 1565 1350 per
1579 1308 1611 1339 la
1621 1308 1784 1347 donason‚
1798 1307 1862 1338 che
1876 1306 2084 1348 l’inperador
2099 1305 2130 1338 ie
2146 1306 2256 1338 havea

1419 1364 1522 1399 facta,
1548 1361 1637 1393 delle
1661 1366 1750 1391 terre
1782 1360 1826 1392 de
1849 1360 1964 1390 Feltre
1997 1365 2030 1390 et
2061 1357 2196 1390 Cividal
2221 1363 2256 1390 et

1420 1417 1484 1448 che
1509 1415 1531 1445 'l
1555 1415 1646 1446 dicto
1665 1414 1748 1445 duse
1771 1412 1985 1454 straparlava
2005 1413 2049 1444 de
2067 1412 2124 1449 lui,
2141 1413 2258 1443 ecian-

1420 1470 1477 1501 dio
1503 1479 1545 1500 no
1566 1479 1602 1500 se
1626 1466 1799 1498 habiando
1823 1465 1999 1508 smenteg'a
2023 1465 2066 1497 de
2091 1465 2189 1507 quilli
2212 1464 2258 1497 da

1421 1521 1663 1565 Spilimbergo,
1687 1520 1698 1550 i
1721 1519 1813 1562 quali
1838 1519 1847 1549 i
1872 1529 1930 1550 era
1961 1517 2093 1560 tignucli
2126 1519 2158 1550 in
2190 1528 2258 1550 una

1421 1586 1504 1618 gran
1529 1573 1683 1617 quantita
1707 1573 1750 1604 de
1774 1572 1932 1609 moneda,
1949 1572 1981 1603 la
1998 1572 2076 1614 qual
2093 1571 2259 1614 quantita,

1421 1630 1479 1671 piu
1504 1628 1593 1659 volte
1618 1626 1852 1663 domandada,
1869 1625 1924 1656 elli
1946 1625 2055 1656 havea
2077 1624 2197 1657 recusa
2214 1625 2276 1669 de,

1422 1691 1559 1724 pagare,
1585 1685 1618 1712 et
1640 1679 1668 1711 si
1691 1689 1726 1710 se
1750 1679 1861 1710 havea
1883 1678 1953 1720 liga
1977 1680 2032 1710 col
2057 1678 2151 1710 dicto
2175 1678 2259 1709 cluse

1423 1736 1465 1766 de
1489 1733 1647 1766 Ostorico
1672 1738 1791 1764 contra
1821 1732 1855 1763 la
1888 1731 2006 1774 ghiesa
2041 1732 2084 1763 de
2121 1730 2259 1774 Agolia,

1425 1788 1516 1820 della
1539 1787 1619 1829 qual
1636 1786 1692 1817 elli
1718 1796 1775 1816 era
1794 1784 1981 1821 feudatari,
2006 1785 2014 1814 i
2039 1784 2130 1826 quali
2155 1784 2261 1816 etian-

1424 1842 1481 1874 dio
1501 1840 1545 1872 da
1561 1838 1793 1881 Spilimbergo
1811 1838 1841 1869 al
1857 1844 1981 1878 tempo,
1999 1848 2097 1869 como
2117 1837 2135 1868 'e
2152 1837 2261 1879 scrip-

1424 1902 1470 1932 to,
1489 1895 1554 1925 che
1579 1892 1674 1935 quilli
1694 1891 1739 1923 da
1754 1891 1905 1923 Venesia
1929 1901 2116 1934 menacava
2140 1891 2182 1922 de
2207 1891 2262 1922 far

1423 1959 1547 1992 guerra
1569 1947 1600 1978 al
1618 1945 1710 1977 dicto
1728 1946 1845 1988 signor
1862 1945 1986 1975 mesier
2003 1945 2210 1982 Francesco,
2226 1954 2261 1976 se

1425 2002 1534 2032 havea
1558 1999 1674 2031 offerti
1699 1998 1729 2029 ai
1755 1997 1837 2029 dicti
1857 1996 2069 2038 Venesia[ni]
2093 2003 2215 2029 contra
2231 1996 2262 2028 el

1426 2057 1521 2088 dicto
1544 2055 1670 2096 signor‚
1688 2052 1808 2084 siando
1825 2051 1963 2083 solicita
1980 2051 2037 2083 dal
2054 2051 2261 2093 patriarcha,

1425 2110 1453 2140 el
1479 2107 1568 2149 qual,
1593 2105 1727 2138 benche
1759 2106 1848 2136 fosse
1872 2105 1906 2136 in
1935 2111 2055 2147 treuga
2088 2104 2143 2136 col
2168 2104 2262 2136 dicto

1426 2163 1519 2198 duse,
1544 2171 1608 2201 pur
1631 2160 1741 2190 havea
1764 2169 1849 2201 gran
1874 2169 1982 2199 paura
2006 2159 2048 2190 de
2072 2159 2129 2194 lui,
2161 2158 2188 2189 si
2211 2158 2265 2189 in-

1426 2214 1518 2246 clino
1544 2212 1680 2244 l’animo
1705 2221 1742 2243 so
1765 2223 1784 2243 a
1808 2212 1862 2242 far
1886 2212 1990 2243 union
2015 2211 2070 2243 col
2095 2211 2186 2243 dicto
2205 2221 2265 2253 pa-

1425 2267 1577 2301 triarcha
1601 2272 1723 2298 contra
1748 2265 1780 2296 el
1804 2266 1899 2297 dicto
1925 2267 2018 2302 cluse,
2043 2265 2076 2296 in
2095 2275 2175 2296 caso
2199 2264 2264 2296 che

1427 2322 1449 2353 ’l
1473 2320 1700 2352 descendesse
1732 2319 1765 2349 in
1790 2318 1889 2350 Italia
1916 2328 1976 2359 per
2001 2318 2132 2350 volerlo
2155 2317 2266 2349 inimi-

1428 2384 1500 2416 gar.
1535 2372 1577 2404 Et
1601 2371 1684 2408 cosi,
1708 2370 1870 2402 mandadi
1893 2371 1941 2402 sei
1966 2371 1998 2403 di
2026 2370 2192 2402 conseieri
2210 2369 2265 2402 del

1427 2426 1521 2458 dicto
1554 2425 1760 2467 patriarcha,
1796 2425 1805 2455 i
1839 2425 1932 2466 quali
1964 2425 2020 2456 dal
2052 2423 2266 2466 parlamento

1428 2478 1569 2522 general
1593 2478 1685 2510 della
1710 2477 1825 2508 Patria
1848 2477 1891 2509 de
1916 2477 2022 2509 Frioli
2046 2479 2156 2508 havea
2171 2482 2266 2518 pote-

1427 2533 1477 2563 sta
1502 2543 1521 2562 a
1545 2537 1677 2574 quest0‚
1702 2531 1734 2562 el
1760 2531 1853 2562 dicto
1877 2530 1994 2573 signor
2017 2530 2137 2562 mesier
2160 2529 2268 2561 Fran-

1429 2594 1530 2616 cesco
1556 2583 1600 2615 da
1624 2583 1770 2615 Carrara
1794 2593 1830 2614 se
1848 2583 1918 2625 ligo
1936 2584 1991 2614 col
2009 2583 2102 2614 dicto
2122 2583 2268 2624 patriar-

1430 2638 1496 2669 cha
1521 2637 1566 2667 fin
1590 2646 1608 2666 a
1631 2636 1711 2666 anni
1735 2636 1779 2666 tri
1803 2641 1923 2667 contra
1946 2636 1958 2666 i
1988 2635 2062 2667 dusi
2095 2635 2139 2668 de
2167 2635 2267 2667 Osto-

1429 2690 1502 2721 rico
1526 2695 1559 2720 et
1582 2689 1593 2720 i
1617 2689 1665 2720 soi
1691 2688 1884 2725 adherenti‚
1908 2699 1952 2720 no
1976 2688 2125 2720 voiando
2150 2688 2160 2718 i
2190 2687 2269 2719 ditti

1431 2743 1505 2774 dusi
1529 2742 1565 2774 in
1589 2742 1694 2784 aigun
1718 2742 1820 2772 modo
1844 2751 1908 2782 per
1924 2742 2035 2774 visini.
2073 2741 2174 2772 Della
2189 2739 2269 2782 qual

1430 2796 1501 2837 liga
1524 2806 1636 2836 apena
1661 2795 1726 2826 che
1748 2795 1761 2826 i
1785 2795 2020 2832 enstrumemi,
2043 2794 2107 2826 che
2130 2803 2188 2825 era
2218 2800 2270 2825 sta

1432 2848 1527 2885 facti,
1551 2858 1609 2879 era
1633 2848 1701 2880 ben
1725 2848 1824 2886 sichi,
1848 2849 1912 2879 che
1937 2848 1945 2878 i
1974 2848 2122 2884 Furlani,
2146 2847 2157 2878 i
2177 2847 2270 2888 quali

1520 3013 1562 3037 43.
1583 3004 1704 3029 solando
1726 3005 1753 3028 P
