2422 3684
453 231 474 266 ὁ
806 229 975 266 GESTA
1005 229 1305 265 MAGNIFICA
1333 229 1518 264 DOMUS
1547 229 1933 265 CARRARIENSIS

537 362 654 395 Signum
674 363 795 394 predicti
815 363 924 386 domini
944 362 1059 386 Henrici
1080 363 1172 392 quarti
1192 361 1385 386 Romanorum
1406 362 1586 393 imperatoris
1604 363 1792 387 illustrissimi

1656 407 1813 432 Burcardus
1836 409 2022 432 cancellarius
2042 409 2216 440 registi-avit.

539 453 645 476 Datum
666 452 777 476 decimo
797 453 909 476 kalend.
932 453 1074 479 februarii,
1096 452 1241 474 indicione
1260 452 1389 482 septima,
1409 458 1485 474 anno
1506 452 1648 475 dominice
1664 453 1876 476 incarnacionis
1892 452 2036 482 MCXHH,
2056 454 2192 484 regnante
2211 454 2283 477 Hen-

449 498 508 521 rico
529 498 629 528 quarto
649 504 711 529 rege
731 497 923 521 Romanorum
942 503 1020 520 anno
1039 497 1170 527 septimo,
1191 496 1345 527 imperante
1359 495 1494 519 secundo.
1530 495 1633 519 Actum
1646 497 1688 520 est
1702 496 1858 527 VarmacIe,
1874 498 1902 520 in
1918 497 2034 521 Christo
2049 497 2181 526 feliciter,
2194 505 2283 522 amen.

539 602 616 633 Hoc
641 602 857 645 privilegium
893 613 933 633 ex
965 601 1141 632 autentico
1172 601 1302 632 domini
1333 601 1552 642 imperatoris
1583 601 1727 633 Henrici
1759 608 2010 643 transumptum
2042 602 2109 633 fuit
2137 608 2170 633 et
2197 613 2286 633 auno
2333 602 2351 633 5

449 655 579 687 domini
604 654 799 688 MCCCLII
822 655 1041 698 registratum
1065 654 1099 685 in
1125 654 1336 686 cancelleria
1361 653 1518 685 comunis
1540 653 1672 691 Padue,
1697 659 1731 686 et
1753 654 1796 686 ab
1819 655 1900 686 inde
1924 665 1991 697 ego
2016 655 2220 696 exemplavi.

1104 805 1165 837 VI.
1189 822 1231 827 —
1255 805 1422 837 Dominus
1445 805 1634 836 Marsilius.

543 912 570 946 7.
597 912 674 953 [16].
705 933 745 937 —
770 911 871 943 Anno
896 909 1026 942 domini
1050 909 1233 941 millesimo
1259 909 1448 941 centesimo
1465 909 1682 951 sexagesimo
1699 909 1945 951 suprascriptis
1960 910 2115 948 sucessit,
2133 910 2185 940 vir
2207 921 2288 952 pru-

452 967 536 997 dens
560 971 594 998 et
617 965 864 1008 magnanimus,
882 974 1054 996 armorum
1077 963 1278 994 strenuitate
1303 963 1391 1004 patri
1417 961 1537 994 similis
1551 962 1571 994 ¹.
1617 962 1736 994 Hicin
1752 961 1873 993 Padua
1896 962 1972 994 iura
1996 963 2157 994 defendit
2180 963 2287 1004 impe-

449 1019 584 1053 ratoris,
608 1019 661 1050 cui
695 1019 805 1050 tocius
830 1017 988 1048 Marchie
1012 1021 1192 1057 magnates
1215 1016 1249 1047 in
1274 1015 1438 1047 amicicia
1469 1015 1650 1047 coniunxit
1679 1015 1818 1051 amicis;
1849 1015 2032 1047 munificus
2062 1022 2097 1047 et
2124 1015 2288 1055 liberalis,
2315 1016 2352 1047 10

452 1073 634 1104 dextrariis
658 1073 792 1114 maguis
815 1072 1018 1110 delectatus,
1044 1080 1085 1101 ex
1102 1080 1169 1111 quo
1188 1070 1453 1112 pulcerimarum
1471 1081 1635 1111 equarum
1656 1080 1780 1112 greges
1797 1069 1965 1106 habebat3
1983 1071 2019 1101 in
2036 1080 2196 1112 agrorum
2213 1081 2291 1111 pos-

452 1126 601 1158 sessione
627 1127 762 1157 cunctis
785 1125 906 1156 Padue
931 1123 1104 1155 nobilibus
1120 1123 1350 1164 preeminens.
1385 1123 1634 1154 Monasterium
1653 1124 1763 1155 sancti
1780 1123 1929 1155 Steffani
1947 1124 2103 1155 vassallis
2119 1130 2153 1156 et
2174 1124 2288 1156 feudis

452 1179 639 1220 ampliavit,
657 1180 754 1210 cuius
777 1177 978 1209 monasterii
1003 1183 1038 1208 et
1062 1176 1286 1208 iurisdicione
1311 1176 1415 1207 castri
1438 1176 1598 1208 Carrarie
1622 1176 1832 1208 Fredericus
1853 1177 2042 1219 imperator
2057 1177 2170 1219 ipsum
2187 1187 2289 1210 reno-

451 1233 559 1271 vavit,
582 1238 619 1264 ut
641 1232 676 1264 in
700 1231 939 1273 subsequentis
964 1231 1078 1262 forma
1101 1229 1279 1272 privilegii
1303 1235 1422 1270 aperte
1447 1228 1636 1272 colligitur,
1660 1240 1727 1272 que
1750 1229 1829 1262 talis
1853 1236 1906 1262 est
1919 1229 1943 1261 ².

543 1342 566 1368 8.
582 1342 651 1375 [181.
666 1358 696 1360 —
712 1344 742 1367 In
759 1345 873 1367 nomine
887 1344 984 1367 sancte
998 1344 1025 1367 et
1046 1342 1194 1366 individue
1208 1341 1373 1368 Trinitatis.
1386 1341 1559 1371 Fredericus,
1575 1342 1674 1365 divina
1695 1341 1809 1365 favente
1823 1342 1976 1366 clemencia
1989 1342 2181 1367 Romanorum
2203 1345 2286 1376 impe·
2319 1341 2350 1368 15

453 1392 530 1413 rator
543 1391 688 1420 augustus.
708 1389 777 1413 Cum
793 1389 933 1412 universis
949 1388 1059 1419 imperii
1077 1388 1167 1410 nostri
1185 1386 1320 1410 fidelibus
1331 1387 1442 1418 signum
1458 1386 1608 1410 clemencie
1621 1387 1777 1417 imperialis
1791 1388 1850 1410 iure
1861 1388 1893 1410 ad
1906 1387 2024 1411 salutem
2036 1388 2183 1412 debeamus
2195 1390 2286 1413 osten-

452 1433 524 1461 dere,
546 1434 665 1457 maxime
686 1435 777 1456 tamen
799 1433 833 1456 ad
854 1433 1027 1456 domesticos
1046 1432 1119 1459 fidei,
1141 1432 1169 1454 in
1191 1438 1306 1462 quorum
1327 1431 1386 1454 vita
1400 1432 1427 1453 ct
1443 1432 1533 1453 morte·
1552 1431 1717 1454 fidelitatem
1731 1433 1759 1455 et
1772 1433 1965 1456 constanciam
1987 1433 2178 1463 probavimus.
2193 1435 2287 1464 patro-

453 1479 521 1501 cinii
544 1479 635 1502 nostri
658 1477 800 1500 dexteram
821 1477 937 1500 extendi
960 1477 1057 1500 debere
1079 1483 1231 1499 censemus.
1270 1475 1428 1506 Eapropter
1443 1477 1540 1498 notum
1562 1475 1679 1499 facimus
1693 1476 1825 1500 ornnIbus
1846 1477 1936 1500 nostri
1958 1477 2067 1508 imperii
2089 1476 2218 1501 fidelibus
2229 1479 2287 1501 tam

455 1523 559 1547 futuris
579 1530 661 1554 quam
683 1523 866 1553 presentibus,
888 1523 959 1552 quod
978 1529 1027 1546 nos
1047 1524 1105 1545 tum
1127 1528 1177 1552 pro
1197 1520 1271 1543 fideli
1292 1521 1414 1543 servicio
1434 1520 1566 1548 Mai-sini,
1581 1522 1638 1544 tum
1655 1528 1706 1552 pro
1720 1522 1853 1544 memoria
1868 1522 1957 1552 patris
1977 1522 2045 1552 eius,
2059 1523 2105 1553 qui
2123 1523 2150 1545 in
2165 1523 2288 1546 servicio

452 1569 642 1592 antecessoris
661 1569 751 1591 nostri
775 1568 954 1598 imperatoris
974 1567 1088 1590 Heurici
1111 1567 1274 1589 constanter
1293 1567 1319 1588 et
1334 1564 1454 1588 fideliter
1473 1565 1555 1592 obiit.
1570 1566 1725 1596 peticiones
1745 1566 1862 1596 predicti
1878 1565 1970 1590 fidelis
1985 1567 2073 1590 nostri
2090 1566 2211 1590 Marsilii
2233 1567 2288 1590 cle·
2317 1563 2354 1591 20

454 1614 560 1636 menter
574 1613 737 1636 admisimus
758 1613 904 1643 ipsumque
924 1611 1082 1634 Marsilium
1099 1613 1124 1633 et
1140 1610 1318 1639 Mathildam,
1332 1610 1391 1633 eius
1405 1611 1565 1639 cognatam,
1580 1617 1640 1633 cum
1656 1610 1780 1641 ipsorum
1794 1609 1950 1640 heredibus,
1963 1618 2032 1640 quos
2045 1611 2172 1642 legitime
2184 1611 2289 1635 habent

453 1658 496 1681 vel
516 1658 640 1681 habituri
661 1659 735 1683 sunt„
756 1660 782 1681 ct
802 1657 964 1687 specialiter
984 1658 1114 1680 castrum.
1140 1656 1213 1686 quod
1237 1657 1354 1679 vocatur
1380 1654 1521 1683 Carraria,
1542 1662 1602 1678 cum
1623 1655 1754 1678 omnibus
1773 1655 1890 1679 allodiis
1915 1656 1942 1679 et
1965 1655 2108 1679 beneficiis
2128 1656 2287 1688 libellariis,

452 1703 588 1733 precariis
608 1705 634 1726 et
655 1710 714 1725 cum
731 1702 862 1725 omnibus
883 1702 964 1725 rebus
984 1701 1138 1724 mobilibus
1158 1703 1185 1724 et
1207 1700 1408 1727 immobilibus,
1428 1701 1517 1724 scrvis
1536 1702 1563 1723 et
1583 1700 1706 1727 ancillis,
1732 1699 1796 1730 ique
1811 1707 1884 1723 nunc
1900 1701 1971 1724 iuste
1985 1700 2088 1724 habeut
2103 1701 2145 1724 vel
2160 1691 2289 1725 raciona-

452 1746 550 1770 biliter
569 1747 693 1770 habituri
710 1748 788 1770 sunt:
811 1748 924 1777 insuper
944 1747 1032 1769 eciam
1054 1746 1254 1768 monasterium
1275 1746 1365 1768 sancti
1387 1743 1503 1768 Stess'ani
1525 1752 1584 1767 cum
1605 1744 1736 1768 omuibus
1756 1744 1846 1774 rebus,
1865 1751 1932 1775 quas
1953 1751 2025 1768 nunc
2047 1746 2117 1768 iuste
2142 1745 2224 1769 habet
2245 1745 2290 1769 vel

457 1792 485 1814 in
503 1791 625 1814 futurum
647 1792 740 1814 codem
762 1791 846 1813 modo
868 1792 1011 1821 acquirere
1031 1791 1146 1821 poterit.
1169 1791 1197 1812 in
1219 1789 1410 1813 mundiburdii
1434 1790 1523 1812 nostri
1539 1790 1692 1812 tuicionem
1709 1789 1887 1820 suscepimus,
1900 1789 1951 1812 hac
1970 1789 2105 1813 videlicet
2119 1790 2289 1813 condicione
2320 1787 2353 1813 25

453 1836 484 1858 ut
505 1836 600 1859 nullus
621 1836 754 1865 marchio,
766 1843 857 1859 cmm-s
877 1835 920 1858 vel
943 1836 1107 1864 vicecomeS,
1128 1834 1280 1857 scultacius
1303 1833 1345 1856 vol
1366 1833 1569 1862 vicedominus,
1589 1833 1734 1865 gastaldus
1748 1833 1790 1856 vel
1806 1833 1935 1862 decanus,
1950 1832 1994 1856 vel
2009 1834 2096 1857 eciam
2112 1834 2170 1865 ipse
2184 1835 2292 1865 episco-

455 1887 515 1911 pus,
529 1887 576 1904 eos
590 1881 721 1911 deinceps
741 1880 899 1909 molestare,
921 1881 1087 1910 inquietare,
1107 1879 1242 1903 disvetire
1263 1879 1306 1902 vel
1327 1879 1360 1901 nd
1382 1878 1516 1909 placitum
1538 1878 1647 1901 trahere
1669 1878 1710 1901 vel
1725 1878 1854 1901 homines
1868 1885 1950 1909 super
1963 1885 2057 1901 eorum
2072 1878 2145 1902 bona
2159 1878 2290 1902 habitan-

454 1926 496 1948 tes
516 1925 624 1953 audeat,
644 1925 689 1947 vcl
704 1924 826 1955 aliquam
843 1924 983 1955 publicam
999 1925 1175 1947 exactionem
1192 1924 1290 1947 facere.
1328 1923 1462 1946 Firmiter
1474 1923 1561 1946 eciam
1577 1923 1753 1954 precipimus,
1769 1924 1799 1945 ut
1813 1922 1977 1945 molendina
1993 1923 2021 1945 in
2035 1921 2196 1946 fluminibus
2209 1923 2293 1946 terris

457 1968 569 1992 illorum
591 1969 787 1992 adiacentibus
808 1970 926 1992 licenter
945 1969 1092 1992 edificent.
1129 1968 1157 1992 Si
1179 1970 1242 1999 quis
1262 1969 1346 1992 huius
1367 1968 1457 1991 nostri
1480 1967 1673 1991 mundiburdii
1702 1969 1861 1998 preceptum
1888 1967 2045 1998 infregerit,
2069 1968 2141 1991 sciat
2164 1974 2192 1991 se
2218 1975 2292 1990 com-

455 2014 611 2043 positurum
633 2014 712 2037 mille
731 2014 816 2036 libras
837 2015 896 2037 auri
919 2014 1069 2045 purissimi,
1092 2014 1268 2036 medictatem
1290 2019 1396 2036 camere
1417 2013 1520 2038 nostre,
1541 2012 1718 2035 medietatem
1737 2011 1870 2042 predictis
1890 2011 2023 2035 fidelibus
2043 2012 2149 2035 nostris
2161 2010 2292 2035 Marsilio
2323 2008 2359 2036 30

455 2058 481 2080 et
503 2057 635 2081 Mathildi
654 2066 803 2088 eorumque
824 2058 960 2087 logitimus
980 2058 1137 2081 heredibus.
1175 2056 1258 2084 Quod
1280 2059 1310 2081 ut
1331 2058 1424 2080 verius
1443 2057 1582 2085 credatur,
1596 2057 1750 2087 presentem
1769 2057 1872 2079 cartam
1888 2055 2024 2079 conscribi
2039 2057 2066 2078 et
2080 2055 2179 2087 sigillo
2194 2058 2293 2080 nostro

455 2103 625 2125 communiri
649 2103 789 2126 iussimus.
828 2103 882 2126 llec
903 2104 994 2126 autem
1017 2104 1112 2125 omnia
1133 2101 1295 2133 supradicta
1316 2101 1428 2132 prefato
1449 2100 1578 2124 Marsilio
1597 2102 1624 2124 et
1644 2099 1778 2123 Mathildi
1802 2101 1979 2131 ipsorumque
1998 2099 2147 2123 heredibus
2165 2100 2293 2124 concedi-

456 2153 516 2170 mus
535 2148 561 2169 et
581 2147 792 2175 contii-inanum,
811 2147 891 2171 salva
911 2155 959 2178 pcr
979 2148 1075 2170 omnia
1097 2146 1239 2177 imperiali
1261 2147 1372 2169 iusticia
1393 2153 1454 2168 cum
1475 2153 1525 2168 suo
1544 2145 1662 2168 honore.

543 2190 660 2220 Signum
681 2191 788 2214 domini
812 2192 934 2214 Federici
956 2191 1149 2214 Romanorum
1172 2191 1352 2222 imperatoris
1373 2190 1555 2213 invictissimi
1576 2188 1649 2219 (M).

544 2235 603 2266 Ego
623 2235 734 2259 Ulricus
754 2236 938 2259 cancellarius
959 2237 1019 2259 vice
1040 2236 1159 2259 chaldi
1180 2235 1355 2258 coloniensis
1375 2234 1580 2266 archicpiscopi
1601 2236 1628 2258 et
1649 2233 1891 2258 archicancellarii
1914 2235 2079 2265 recognovi.
2322 2231 2356 2258 35

545 2280 617 2302 Acta
637 2281 702 2303 sunt
722 2280 770 2303 hec
792 2287 867 2303 anno
882 2280 1024 2303 dominice
1045 2281 1256 2303 incarnacionis
1275 2278 1390 2308 MCLx,
1412 2278 1556 2302 indicione
1576 2285 1641 2309 vm,
1660 2280 1796 2311 regnante
1815 2279 1932 2302 domino
1946 2278 2080 2302 chcrico
2100 2277 2291 2302 Romanorum

458 2323 628 2354 imperatore
649 2325 898 2349 victoriosissimo,
912 2331 990 2348 anno
1010 2325 1088 2355 regni
1110 2325 1170 2347 cius
1190 2329 1257 2353 v111,
1277 2323 1390 2355 imperii
1412 2330 1477 2347 vero
1498 2330 1539 2352 vx,
1559 2323 1691 2352 feliciter,
1710 2330 1798 2346 amen.

546 2367 611 2391 Dat.
631 2368 703 2399 apud
726 2368 843 2391 l'outem
864 2367 1037 2396 Tremulum,
1058 2368 1122 2392 idus
1142 2368 1277 2391 octubris.

548 2471 624 2504 Hoc
649 2472 867 2514 privilegium
901 2483 943 2503 ex
966 2472 1144 2504 autentico
1176 2473 1306 2504 domini
1331 2473 1551 2514 imperatoris
1575 2473 1737 2504 Federici
1763 2478 2011 2514 transumptum
2042 2472 2108 2504 fuit
2138 2478 2172 2504 et
2204 2482 2295 2504 anno

461 2525 591 2556 domini
618 2523 824 2561 MCCCLH,
841 2524 1016 2556 indicione
1034 2525 1165 2567 quinta,
1183 2525 1400 2567 registratum
1417 2526 1452 2556 in
1469 2526 1678 2557 cancellaria
1697 2525 1853 2557 comunis
1869 2525 1999 2563 Padue,
2015 2531 2050 2556 et
2064 2524 2108 2557 ab
2123 2525 2205 2556 inde
2229 2535 2295 2568 ego
2318 2525 2360 2557 40

462 2577 666 2619 exemplavi.

551 2732 640 2765 37—38.
659 2734 773 2766 imperii
794 2741 860 2757 vero
883 2747 912 2752 —
934 2735 973 2758 id.
993 2735 1118 2759 octubris
1140 2743 1188 2758 om.
1208 2734 1245 2757 „Vll

552 2842 560 2858 ¹
580 2842 621 2867 La
641 2845 819 2868 successione
833 2844 861 2867 di
878 2844 1018 2873 Marsilio,
1032 2845 1081 2868 che
1097 2845 1124 2868 su
1140 2845 1277 2875 supposto
1293 2851 1352 2875 per·
1407 2845 1464 2875 Ma,
1482 2853 1560 2869 come
1580 2847 1626 2877 poi
1648 2845 1779 2869 vedremo
1799 2847 1874 2869 tutte
1893 2846 1988 2876 queste
2007 2852 2197 2877 convengono
2217 2853 2233 2869 a
2259 2853 2295 2870 un

464 2887 603 2917 sonaggio
615 2886 728 2909 diverso
740 2886 784 2909 dai
799 2886 969 2918 precedenti,
985 2887 1013 2909 su
1029 2887 1169 2910 collocata
1184 2886 1208 2909 al
1228 2885 1294 2909 1160
1307 2893 1355 2916 per
1410 2886 1472 2910 solo
1492 2888 1701 2918 protagonista,
1721 2886 1764 2910 del
1786 2887 1868 2917 quale
1888 2893 1944 2910 non
1964 2889 2037 2910 resta
2064 2885 2112 2918 piii
2138 2887 2249 2912 occulto
2275 2887 2296 2911 il

465 2929 646 2959 suggestione
660 2927 704 2951 del
719 2928 845 2959 deloma
861 2928 1049 2952 fredericiano
1064 2928 1092 2951 di
1107 2928 1165 2952 tale
1180 2935 1264 2955 anno,
1276 2929 1353 2958 quasi
1412 2935 1494 2951 nome
1514 2930 1640 2959 paterno.

425 2974 436 2980 “
466 2971 514 2993 che
535 2971 609 2993 fosse
630 2970 657 2993 la
677 2971 767 3001 prima
788 2971 903 2995 notizia,
924 2970 974 2993 clie
995 2971 1022 2993 di
1051 2970 1090 2993 lui
1118 2971 1139 2993 si
1169 2971 1354 3001 inmun-asse,
1498 2968 1509 2984 ²
1530 2970 1568 2993 Fu
1589 2970 1754 3002 pubblicato
1775 2970 1819 2994 dal
1840 2969 1963 2999 GLOR1A‚
1980 2971 2043 2995 Cod.
2062 2971 2138 3001 dipl„
2151 2970 2184 3001 11,
2201 2977 2224 2995 2.
2249 2971 2294 2995 Cf.
2325 2976 2358 2993 ιο

465 3020 478 3036 e
499 3011 663 3036 isolandola
683 3012 757 3035 dalle
777 3012 856 3042 altre,
883 3011 932 3035 che
959 3011 987 3034 di
1012 3011 1054 3035 lui
1083 3011 1171 3035 fanno
1197 3012 1355 3036 menzione.
1411 3011 1539 3042 Csomo,
1560 3013 1668 3040 Alhcro,
1689 3019 1714 3043 p.
1737 3019 1768 3036 10
1781 3019 1831 3043 sg.,
1849 3012 1876 3035 S.
1897 3013 2019 3044 Stefana,
2038 3020 2065 3044 p.
2083 3012 2117 3044 38
2137 3020 2194 3046 sgg.
