2422 3684
485 403 625 435 REDAz.
649 404 677 433 A

159 481 244 507 sent.
292 475 336 507 Se
361 475 451 506 enim
476 474 552 516 ipse
579 474 781 506 Anechinus
810 474 886 506 loco
911 485 1004 506 corn-

159 529 311 565 miserat,
327 529 418 559 unde
434 538 504 560 non
528 534 664 569 poterat
690 527 818 570 absque
833 539 950 570 pugna
965 538 1001 560 se

159 582 307 619 moveri;
324 583 369 614 ad
385 593 486 625 quam
511 587 631 624 gentes
655 581 896 623 colligatorum
914 592 1004 613 sum—-

159 637 223 667 mis
247 635 376 666 viribus
399 635 608 675 nitebantur,
633 644 697 665 nec
721 634 855 676 aliquid
886 641 1002 666 tamen

158 689 288 720 factum
314 694 375 725 est,
407 687 590 719 Anechino
615 693 775 729 negante,
803 693 836 718 et
860 693 1002 729 propter

158 741 306 772 nemoris
329 741 597 773 silvestritatem.
644 740 749 771 Cuius
781 740 848 772 loci
875 751 1000 773 nomen

156 793 290 827 Solaria
306 794 446 826 dicitur.
487 792 590 830 Quod
607 793 674 835 lige
692 793 812 825 videns
827 795 1000 826 exercitus

156 857 198 879 ex
220 847 421 889 regencium
444 846 578 878 iustitia
601 847 822 887 processisse,
837 848 1002 888 despera-

156 900 257 932 cione
282 901 467 942 dispersus,
480 911 560 941 pars
584 899 763 937 Mutinam,
788 910 867 941 pars
888 901 1002 932 Bono-

156 954 247 985 niam
271 954 380 986 venit:
409 965 450 985 ex
481 964 547 996 quo
580 953 685 985 emuli
717 954 825 995 magis
857 955 999 986 animosi

155 1007 244 1039 facti
267 1014 356 1039 sunt.
406 1007 543 1039 Interim
568 1012 645 1048 post
668 1007 794 1038 multos
818 1007 999 1038 hincinde

154 1066 321 1092 tractatus
345 1060 548 1103 magnificus
571 1060 730 1091 dominus
755 1060 926 1091 Feltrinus
957 1062 1000 1092 de

156 1115 333 1157 Gonzaga,
360 1115 466 1157 Regii
491 1113 659 1154 dominus,
685 1120 751 1145 tam
778 1125 796 1146 a
828 1115 1000 1157 colligatis

156 1177 256 1208 quam
280 1178 299 1198 a
323 1167 461 1198 domino
486 1167 692 1198 Bernabone
718 1168 760 1198 de
786 1167 855 1210 liga
885 1168 1000 1209 requi-

155 1220 247 1256 situs,
272 1221 413 1252 tandem
438 1220 610 1263 colligatis
633 1220 779 1251 adhesit.

239 2275 314 2308 225.
340 2295 380 2300 —
406 2277 480 2308 Hac
512 2282 715 2318 tempestate
747 2276 828 2307 dum
860 2276 993 2318 aquile-

151 2330 264 2370 gensis
299 2330 498 2370 patriarcha
532 2340 595 2372 per
628 2331 752 2362 ducem
783 2329 922 2361 Austrie
958 2330 993 2360 in

154 2382 262 2413 Viena
278 2383 438 2414 detentus
454 2389 639 2421 teneretur,
657 2394 733 2415 cum
751 2394 820 2425 quo
834 2383 993 2414 dominus

151 2435 356 2468 Franciscus
374 2437 416 2468 de
435 2437 659 2480 Savorgnano
677 2442 709 2467 et
726 2437 858 2468 nobiles
874 2437 932 2467 alii
948 2436 991 2468 de

151 2487 266 2521 Patria
290 2489 418 2531 captivi
443 2495 552 2528 erant,
575 2489 645 2532 qui,
661 2496 817 2531 tempore
842 2494 992 2531 captato,

152 2542 194 2573 de
218 2543 418 2583 captivitate
443 2542 628 2584 fugientes,
654 2542 846 2574 retulerunt
877 2553 994 2574 cornu-

151 2594 313 2626 nitatibus
337 2595 494 2627 Foriiulii
517 2597 641 2627 ducem
666 2596 776 2637 ipsum
802 2607 821 2626 a
846 2596 993 2637 patriar-

152 2648 217 2679 cha
245 2649 446 2691 perquirere
477 2649 582 2681 multa
618 2655 653 2681 et
683 2650 829 2691 grandia
860 2655 895 2680 et
929 2660 990 2680 suo

151 2702 324 2734 dedecora
347 2703 450 2734 statui
474 2709 506 2734 et
529 2703 663 2740 honori,
677 2713 744 2745 quo
765 2714 784 2734 a
802 2703 992 2734 comunita-

150 2755 242 2786 tibus
264 2755 347 2796 ipsis
370 2762 548 2798 percepto,
572 2762 666 2787 tanta
690 2756 741 2787 usi
765 2761 842 2787 sunt
864 2756 992 2787 animo-

132 2837 135 2848 Q
151 2808 260 2846 sitate,
276 2809 368 2850 quod
393 2809 427 2840 vi
451 2819 621 2841 armorum
638 2816 749 2841 castra
765 2810 866 2851 plura
883 2809 991 2850 patrie

150 2861 316 2893 rebellata
338 2872 590 2903 recuperavere
616 2862 879 2904 habitantesque
900 2873 993 2893 com-

150 2914 313 2955 pulerunt
335 2915 450 2946 facere
473 2915 556 2956 ipsis
580 2916 696 2955 fidem,
722 2926 789 2958 qua
812 2916 878 2957 ipsi
912 2916 993 2947 ade-

1069 894 1105 924 10

1067 1164 1103 1194 15

1062 1431 1103 1461 20

1030 1693 1100 1726 125

1028 1950 1099 1989 '30

1057 2278 1095 2310 35

1057 2543 1096 2573 40

1057 2809 1094 2838 45

1487 402 1627 433 REDAZ.
1652 402 1688 433 D

1162 473 1265 509 facte,
1284 473 1405 505 mesier
1422 471 1581 504 Bernabo
1600 478 1748 503 retrasse
1767 473 1798 503 la
1817 479 1920 515 gente
1946 483 2005 504 soa

1163 527 1219 557 del
1244 532 1359 557 terren
1384 526 1426 557 de
1445 525 1598 558 Verona:
1618 532 1651 556 et
1668 527 1843 566 pensando
1868 526 1901 556 (11
1927 536 2002 557 001-

1163 589 1218 610 rer
1235 579 1335 615 altro,
1360 579 1530 610 condusse
1554 589 1573 609 a
1598 588 1634 609 so
1659 578 1756 609 soldo
1775 578 1935 610 Anechin
1960 579 2004 609 de

1162 631 1358 674 Mongardo
1392 642 1459 663 con
1491 631 1566 663 altri
1604 631 1734 662 homini
1772 632 1913 663 d'arme.
1960 631 2003 662 El

1163 682 1242 723 qual
1267 682 1427 713 Anechin
1451 683 1487 712 in
1512 688 1590 713 acto
1617 682 1660 713 de
1676 691 1872 725 compagna
1896 682 2005 713 havea

1161 730 1274 777 inanci
1300 735 1405 766 molto
1430 735 1619 767 molestado
1644 735 1674 765 16
1699 741 1797 776 parte
1823 736 1865 766 de
1889 735 2006 776 Jtalia.

1161 788 1206 820 Et
1221 789 1247 819 si
1267 788 1391 819 mando
1416 794 1536 831 questa
1558 794 1662 831 gente
1678 789 1730 819 sul
1748 789 1944 824 modanese‚
1963 789 2006 825 o',

1161 851 1196 872 se
1221 842 1242 872 'l
1267 842 1359 873 fosse
1382 843 1480 873 stado
1504 843 1536 873 le
1560 847 1665 884 gente
1690 841 1807 873 debite
1839 842 1874 872 (11
1903 841 2001 872 00111-

1159 893 1251 935 gadi,
1276 892 1343 923 ello
1367 903 1412 924 no
1436 903 1556 924 serave
1580 892 1745 935 vignudo,
1773 892 1803 923 o'
1836 892 1901 924 che
1933 892 2004 924 ello

1160 955 1284 983 venne,
1308 946 1353 976 ad
1379 956 1512 977 asserat
1543 945 1575 977 la
1607 945 1662 976 via
1689 945 1744 977 del
1778 946 1909 984 canale,
1942 954 2005 986 per

1159 999 1192 1029 lo
1217 998 1295 1040 qual
1321 1009 1357 1030 se
1382 1010 1423 1029 va
1452 1000 1495 1030 da
1529 1001 1676 1031 Ferrara
1707 1010 1726 1030 a
1758 998 1926 1034 Modena;
1959 998 2002 1029 ne

1157 1052 1329 1083 haverave
1355 1052 1447 1084 dado
1472 1052 1597 1084 alturio
1621 1053 1651 1083 ai
1677 1051 1821 1089 castelli,
1846 1052 1910 1082 che
1937 1052 2004 1083 ello

1158 1106 1269 1136 havea
1294 1115 1395 1146 preso
1425 1107 1460 1137 in
1484 1106 1682 1149 bolognese.
1731 1105 1775 1137 Al
1799 1105 1879 1147 qual
1912 1104 2003 1135 Ane-

1159 1159 1238 1189 chin
1268 1159 1516 1201 lecieramente
1550 1161 1722 1190 haverave
1758 1160 1932 1191 contrasta
1971 1159 2003 1190 16

1158 1218 1271 1254 gente,
1295 1213 1360 1243 che
1383 1214 1493 1244 dovea
1518 1213 1622 1256 tignir
1646 1213 1678 1243 la
1696 1213 1773 1255 liga,
1793 1213 1856 1244 che
1875 1212 1942 1244 ello
1960 1223 2002 1243 no

1158 1274 1193 1295 se
1225 1265 1318 1297 fosse
1353 1266 1438 1297 fatto
1471 1266 1571 1302 forte,
1605 1267 1635 1296 o’
1672 1266 1737 1296 che
1775 1266 1843 1297 ello
1878 1276 2002 1304 venne,

1158 1318 1287 1358 perch'e
1312 1319 1343 1349 el
1361 1319 1456 1350 dicto
1481 1318 1641 1351 Anechin
1666 1330 1701 1349 se
1726 1329 1809 1359 pose
1833 1320 1869 1351 in
1885 1318 2000 1360 luogo,

1158 1372 1248 1402 onde
1274 1371 1341 1402 ello
1366 1383 1409 1403 no
1433 1383 1468 1403 se
1494 1383 1617 1413 possea
1633 1373 1742 1413 partis
1758 1382 1860 1414 senca
1877 1372 2002 1410 bataia,

1158 1423 1224 1454 alla
1245 1424 1335 1466 qual,
1354 1425 1488 1456 benche
1505 1425 1608 1462 tardi,
1624 1436 1660 1455 se
1677 1425 1793 1466 sforeo
1818 1424 1873 1465 po’
1891 1424 1935 1454 de
1951 1424 2002 1455 vi-

1156 1477 1234 1519 gnir
1260 1478 1293 1508 la
1316 1485 1418 1519 gente
1445 1479 1478 1509 di
1497 1478 1676 1520 colligadi3
1704 1488 1758 1508 ma
1774 1488 1818 1508 no
1837 1477 1868 1507 la
1886 1477 2001 1508 voian-

1157 1529 1202 1560 do
1226 1530 1258 1560 61
1282 1530 1376 1561 dicto
1402 1530 1574 1567 Anechiu,
1599 1531 1716 1562 niente
1744 1530 1841 1573 segni
1873 1541 1937 1572 per
1968 1530 2001 1561 la

1157 1582 1386 1626 salvadegeca
1410 1584 1467 1615 del
1492 1585 1609 1615 bosco.
1645 1583 1687 1614 El
1705 1594 1806 1615 nome
1823 1584 1877 1614 del
1895 1584 1998 1625 luogo

1155 1646 1191 1666 se
1217 1636 1351 1668 chiama
1375 1636 1506 1669 Solara.
1554 1637 1604 1668 La
1629 1637 1708 1678 qual
1735 1647 1815 1668 cosa
1842 1637 1998 1679 vecando

1156 1689 1188 1719 lo
1213 1690 1366 1721 exercito
1391 1690 1482 1721 della
1508 1690 1578 1732 liga
1595 1700 1687 1721 esser
1704 1689 1859 1730 procedu
1876 1701 1939 1731 per
1957 1700 1999 1720 no

1154 1751 1252 1772 saver
1278 1743 1322 1773 de
1339 1743 1456 1784 quelli,
1473 1745 1538 1775 0116
1554 1753 1659 1784 regea
1676 1744 1707 1774 el
1725 1743 1817 1774 dicto
1837 1743 2000 1780 exercito,

1156 1794 1312 1836 disperso
1330 1807 1392 1837 per
1416 1796 1648 1838 disperacion,
1665 1803 1762 1837 parte
1779 1796 1870 1827 ando
1891 1807 1908 1827 a
1927 1797 2002 1827 Mo—

1155 1844 1259 1886 denaj
1294 1856 1327 1880 et
1363 1856 1459 1891 parte
1496 1862 1514 1880 a
1551 1850 1723 1891 Bologna:
1759 1860 1820 1890 per
1855 1849 1887 1880 la
1919 1850 1999 1891 qual

1155 1907 1235 1933 Cosa
1259 1903 1404 1934 inemisi
1429 1913 1529 1944 prese
1553 1903 1614 1945 piu
1637 1913 1770 1934 anemo.
1815 1903 1854 1933 Iu
1879 1909 1999 1945 questo

1155 1965 1262 1993 mezo,
1287 1957 1362 1987 drio
1386 1957 1481 1988 molti
1506 1958 1548 1988 de
1571 1967 1637 1999 qua
1662 1963 1695 1987 et
1712 1957 1755 1987 de
1773 1956 1860 1992 cola.
1878 1956 1907 1986 el
1926 1967 1996 1987 ma-

1155 2009 1283 2051 gnifico
1308 2010 1432 2041 mesier
1457 2010 1587 2041 Feltrin
1613 2010 1657 2041 da
1678 2010 1999 2052 Go11caga‚segnor

1155 2062 1197 2093 de
1222 2063 1332 2105 Reco,
1356 2064 1531 2104 requirido
1558 2064 1602 2095 da
1627 2064 1748 2094 mesier
1777 2063 1936 2094 Bel-nabo
1962 2068 1997 2093 et

1153 2116 1209 2146 dai
1236 2116 1398 2158 eolligadi
1425 2116 1468 2148 de
1493 2118 1601 2148 intrar
1625 2116 1659 2147 in
1679 2116 1760 2158 liga,
1784 2117 1852 2148 alla
1869 2116 1913 2147 fin
1933 2127 1999 2157 pur

1154 2179 1190 2200 se
1215 2170 1333 2201 acosta
1358 2181 1424 2202 con
1448 2171 1456 2200 i
1484 2169 1662 2212 colligadi.

1243 2276 1318 2308 225.
1352 2294 1390 2299 —
1425 2277 1477 2308 En
1510 2284 1631 2318 questo
1664 2282 1779 2318 tempo
1806 2277 1927 2308 siando
1964 2278 1995 2308 61

1151 2331 1348 2371 patriarcha
1363 2330 1406 2362 de
1435 2330 1562 2372 Agolia
1586 2331 1802 2372 destegnudo
1826 2330 1860 2360 in
1882 2329 1994 2361 Viena

1152 2393 1215 2424 per
1239 2385 1271 2415 lo
1297 2384 1381 2415 duse
1399 2384 1441 2415 de
1459 2384 1639 2415 Ostericho
1662 2390 1696 2415 et
1720 2393 1785 2414 con
1804 2383 1849 2413 lui
1869 2383 1995 2414 mesier

1152 2437 1348 2468 Francesco
1365 2436 1409 2468 da
1426 2437 1637 2479 Savorgnam
1653 2443 1686 2468 et
1699 2437 1796 2468 molti
1814 2436 1891 2466 altri
1904 2436 1996 2467 della

1152 2489 1278 2527 Patria,
1303 2491 1311 2520 1
1335 2491 1438 2532 quali,
1454 2491 1538 2522 tolto
1556 2496 1670 2531 tempo
1689 2499 1830 2532 aconco,
1854 2489 1994 2529 scampo

1152 2543 1186 2574 di
1210 2543 1325 2585 prison
1351 2549 1395 2580 et,
1412 2543 1548 2575 tornadi
1565 2554 1584 2574 a
1602 2554 1692 2580 casa,
1709 2542 1835 2573 referri
1853 2542 1918 2573 alle
1936 2552 1994 2572 eo-

1152 2597 1281 2627 11111ῃὶ16
1304 2595 1346 2627 (16
1371 2596 1490 2633 Frioli,
1514 2595 1546 2626 61
1571 2595 1658 2627 ditto
1691 2596 1773 2626 cluse
1807 2595 1849 2626 de
1882 2594 1994 2625 Viena

1151 2648 1341 2681 domandar
1356 2650 1389 2680 al
1407 2649 1500 2681 dicto
1525 2649 1724 2689 patriarcha
1740 2648 1845 2679 molte
1863 2654 1896 2679 et
1909 2657 1994 2688 gran

1151 2713 1242 2738 cose,
1267 2703 1331 2734 che
1356 2713 1414 2733 era
1438 2703 1632 2733 deshonore
1657 2702 1689 2732 al
1713 2703 1811 2732 stado
1836 2707 1869 2732 et
1886 2701 1994 2731 honor

1152 2756 1242 2787 della
1270 2756 1384 2786 Patria
1416 2755 1470 2786 de'
1503 2755 1621 2793 Frioli,
1650 2755 1680 2786 le
1710 2755 1802 2786 dicte
1840 2753 1993 2785 comuni-

1151 2809 1229 2839 tade
1255 2809 1342 2839 have
1364 2814 1458 2839 tanto
1475 2818 1609 2846 anemo,
1627 2808 1691 2839 che
1708 2818 1769 2849 per
1793 2808 1889 2849 forca
1905 2806 1994 2838 d'ar-

1151 2871 1204 2892 me
1220 2861 1276 2892 elli
1293 2861 1439 2892 recovro
1456 2860 1553 2892 molti
1571 2860 1714 2898 castelli,
1730 2860 1794 2891 che
1811 2871 1868 2890 era
1882 2859 1994 2891 rebel-

1150 2912 1182 2943 la
1205 2912 1272 2944 alla
1296 2911 1424 2949 Patria,
1456 2918 1489 2942 et
1520 2918 1717 2943 constrense
1741 2911 1790 2953 gli
1824 2910 1991 2942 habitanti

1241 3035 1279 3052 12.
1303 3027 1347 3058 va]
1370 3029 1397 3051 fn.
1418 3028 1443 3051 P
1462 3041 1492 3044 -—
1517 3027 1555 3051 16.
1576 3028 1673 3058 dignit
1696 3028 1720 3051 Ρ
