2422 3684
419 243 464 283 74
791 243 963 279 GESTA
990 244 1292 280 MAGNIFICA
1322 244 1507 281 DOMUS
1537 243 1929 281 CARRARIENSIS

743 378 883 411 REnAz.
907 377 939 410 A

415 450 607 492 comparuit
630 461 747 483 coram
770 451 961 494 magnifico
985 450 1123 483 domino
1147 451 1256 483 Fran-

417 505 512 536 cisco
535 506 579 537 de
596 505 767 545 Carraria,
791 505 844 537 cui
862 505 1020 536 dominus
1035 505 1108 546 ipse
1125 504 1177 536 sic
1194 505 1254 537 ait:

419 558 432 573 ‘⁴
448 557 479 589 O
501 558 617 601 inique
640 559 807 599 proditor,
829 568 944 590 nonne
961 568 1027 600 ego
1044 563 1077 589 te
1094 557 1257 590 divitibus

421 611 607 643 “omnibus
630 612 749 643 Padue
773 611 932 643 ditiorem
964 611 1128 648 feceram,
1159 617 1193 643 et
1223 617 1257 643 te

422 665 546 707 “quasi
570 665 701 697 civibus
724 665 858 697 cunctis
886 664 922 695 in
951 665 1117 696 honorem
1141 665 1258 706 prefe-

422 717 588 750 “rebam?
607 717 792 755 Quomodo
807 728 889 760 ergo
906 719 990 749 tanti
1007 718 1173 750 beneficii
1190 719 1257 750 hoc

422 774 435 788 “
449 772 608 803 meritum
632 778 682 802 est
705 772 851 803 voluisse
872 782 924 802 me
942 778 975 803 et
998 781 1093 802 meos
1107 772 1256 812 prodere

424 826 519 857 “tam
542 824 694 856 iniuste?
710 849 738 862 „.
787 823 855 860 Qui
882 824 1037 856 dominus
1061 823 1258 868 Cambonus

418 884 618 910 constanter
642 878 856 919 firmiterque
874 878 1023 919 negavit,
1046 884 1097 909 set
1113 889 1133 909 a
1149 877 1257 908 Paulo

418 931 531 963 Docto
548 932 762 968 convinctus,
779 932 839 973 qui
859 931 969 972 ipsam
987 932 1165 962 detexerat
1180 941 1258 972 pro-

418 985 602 1021 dicionem,
641 995 710 1016 non
748 985 860 1026 potuit
894 984 1058 1016 inficiari.
1104 984 1156 1016 Ex
1190 994 1257 1026 quo

417 1039 511 1070 curie
535 1039 679 1070 traditus
703 1039 892 1080 potestatis,
925 1044 1046 1079 sponte
1079 1038 1258 1070 confessus

417 1099 478 1129 est,
501 1093 594 1134 quod
619 1092 661 1123 de
687 1092 839 1123 sciencia
867 1091 995 1123 domini
1027 1091 1181 1123 Iacobini
1214 1092 1257 1123 de

417 1145 577 1177 Carraria
595 1151 629 1176 et
645 1145 717 1176 eius
728 1145 820 1175 iussu
835 1145 945 1185 ipsum
965 1144 1139 1175 dominum
1153 1144 1259 1175 Fran-

416 1199 543 1231 ciscum
561 1199 732 1240 perimere
750 1197 899 1230 debebat
912 1198 1028 1239 gladio
1040 1208 1100 1229 seu
1114 1207 1258 1229 veneno.

418 1251 524 1288 Quod
548 1261 717 1282 venenum
742 1256 913 1291 portatum
939 1250 971 1281 in
989 1250 1124 1291 palacio
1142 1260 1260 1281 comu-

415 1305 468 1336 nis
484 1304 617 1340 Padue,
636 1305 715 1335 dum
731 1304 838 1345 ipsius
855 1304 984 1335 domini
1003 1302 1172 1347 Camboni
1184 1312 1259 1334 sen-

416 1357 532 1388 tencia
556 1356 744 1399 legebatur,
769 1357 917 1388 omnium
945 1363 1116 1387 ostensum
1142 1355 1259 1396 oculis,

417 1412 473 1442 die
499 1420 551 1441 ΧΠ
574 1410 767 1441 decembris
792 1411 857 1441 fuit
880 1410 1017 1450 publice
1035 1409 1260 1447 combustum,

419 1471 452 1496 et
476 1465 548 1506 ipse
574 1465 735 1495 dominus
760 1464 958 1505 Cambonus
983 1464 1114 1495 carceri
1138 1474 1261 1504 perpe-

416 1524 475 1549 tuo
500 1519 689 1554 damnatus,
714 1518 868 1559 quamvis
885 1517 927 1549 de
952 1527 1068 1549 mense
1085 1517 1262 1559 sequentis

417 1571 503 1602 iunii
529 1582 547 1602 a
572 1571 639 1602 suis
663 1571 729 1602 fuit
753 1571 888 1613 agnatis
910 1571 1055 1603 occisus.

507 1777 580 1807 203.
608 1795 644 1798 —
672 1775 739 1806 Per
756 1775 968 1807 deditionem
987 1775 1087 1807 castri
1106 1775 1262 1814 Percinis

419 1840 481 1871 per
519 1829 797 1860 Bonaventuram
839 1829 882 1858 de
921 1828 1098 1859 Gardellis
1134 1829 1260 1859 factam

419 1883 608 1924 magnifico
628 1881 756 1913 Iacobo
773 1882 816 1912 de
834 1881 991 1913 Carraria
1011 1881 1264 1913 subactionem-

419 1947 486 1977 que
504 1942 690 1967 castrorum
710 1933 843 1976 Levig³‚
868 1934 962 1965 Silve
980 1942 1009 1965 et
1029 1934 1262 1965 Rochabrune

420 1996 495 2020 orto
517 1990 607 2025 odio,
624 1995 661 2020 ut
677 1989 844 2029 scriptum
861 1995 921 2024 est,
939 1989 1027 2019 inter
1045 1987 1264 2019 Brandebur-

421 2053 559 2083 gensem
585 2042 818 2073 marchionem
846 2048 944 2082 parte
970 2052 1011 2072 ex
1035 2052 1098 2072 una
1119 2047 1152 2072 et
1169 2041 1265 2072 Iaco-

420 2096 500 2127 bum
526 2096 569 2126 de
594 2094 755 2126 Carraria
778 2101 876 2135 parte
902 2104 944 2125 ex
961 2095 1080 2131 altera,
1098 2094 1152 2124 cui
1173 2093 1264 2133 odio,

420 2155 496 2190 post
520 2155 663 2179 mortem
683 2149 765 2179 dicti
784 2147 912 2184 Iacobi,
930 2147 1058 2178 domini
1082 2147 1265 2179 Iacobinus

421 2208 454 2232 et
479 2201 682 2233 Franciscus
707 2202 750 2231 de
773 2201 943 2236 Carraria,
968 2207 1003 2231 ut
1027 2205 1144 2231 cetere
1166 2201 1266 2230 here-

422 2255 533 2291 ditati,
557 2261 801 2286 successerunt
831 2253 989 2285 heredes.
1037 2253 1153 2284 Animi
1185 2264 1264 2294 par-

421 2308 503 2338 tium
526 2309 699 2348 utrimque
724 2308 937 2347 procedente
966 2313 1122 2347 tempore
1141 2307 1187 2337 ita
1203 2306 1266 2336 iui-

421 2361 566 2391 miciciis
590 2367 817 2397 exarsseru1:t‚
840 2367 879 2391 ut
902 2370 1021 2391 manns
1047 2360 1183 2391 tandem
1202 2360 1265 2390 ini—

423 2421 542 2444 cerent
577 2415 622 2444 ad
662 2413 762 2444 bella.
812 2413 946 2449 Quibus
985 2412 1093 2449 bellis,
1132 2411 1264 2443 domini

421 2466 573 2498 Iacobini
600 2467 643 2497 de
668 2465 830 2496 Carraria
855 2466 1023 2505 capcione
1047 2466 1113 2495 iam
1138 2472 1266 2501 secuta,

421 2519 629 2560 magnificus
654 2519 811 2549 dominus
835 2519 1040 2549 Franciscus
1065 2519 1268 2559 capitaneos

422 2574 508 2604 fecit
534 2573 702 2608 diversos,
727 2579 761 2603 ut
786 2583 827 2603 ex
850 2583 963 2603 rerum
990 2571 1190 2603 diversitate
1215 2571 1266 2602 di-

422 2637 521 2657 versa
546 2631 742 2657 occurrunt.
785 2626 872 2656 Nam
889 2626 973 2666 ipsis
989 2625 1176 2666 aliquando
1193 2634 1268 2665 pre-

423 2680 488 2710 fuit
505 2679 602 2710 miles
618 2679 781 2721 egregius
798 2679 956 2709 dominus
982 2678 1118 2709 Loisius
1142 2678 1269 2719 Forca-

423 2732 474 2767 te3
501 2731 687 2773 aliquando
712 2732 872 2762 dominus
895 2731 1040 2762 Patarus
1071 2731 1113 2761 de
1138 2730 1266 2772 Bucca-

424 2785 593 2820 chari11i53
625 2785 810 2826 aliquando
843 2785 957 2816 Cecus
980 2785 1023 2815 de
1048 2784 1184 2819 Leone;
1209 2783 1267 2825 qui

424 2844 458 2868 et
474 2838 624 2879 ipsorum
642 2837 797 2879 quilibet,
814 2838 1002 2869 constituto
1019 2837 1082 2869 sibi
1098 2842 1267 2878 tempore,

424 2892 460 2922 in
485 2891 586 2922 armis
608 2891 753 2933 egregia
784 2890 890 2921 multa
920 2900 1071 2933 gessere.
1118 2887 1267 2921 Assidue

516 2998 556 3022 26.
576 2999 673 3022 dedito
693 3000 767 3023 enim
790 3000 826 3022 M
841 3013 872 3016 —
894 3006 935 3031 33.
954 2998 1082 3022 Iacobini
1103 2999 1140 3023 M

1324 875 1361 905 10

1326 1139 1362 1171 15

1322 1407 1364 1437 20

1324 1726 1364 1757 25

1327 1994 1367 2024 30

1329 2257 1368 2288 35

1331 2523 1370 2552 40

1331 2785 1371 2816 45

1733 379 1874 412 REnAz.
1897 379 1934 412 D

1414 448 1460 481 da
1484 449 1630 483 Carrara
1654 461 1690 483 se
1715 451 1761 483 fe'
1785 452 1942 484 chiamar
1957 452 2102 496 Canbon
2125 452 2249 490 Docto,

1415 502 1447 533 al
1472 503 1552 544 qual
1567 503 1634 535 ello
1651 505 1741 536 disse
1767 505 1853 536 cosi:
1883 507 1897 522 “
1910 505 1941 536 O
1964 504 2126 536 malvasio
2143 504 2251 536 tradi-

1419 555 1433 570 “
1449 561 1512 596 tor,
1538 567 1581 588 no
1606 563 1640 589 te
1664 559 1776 590 havea
1799 558 1832 590 io
1856 559 1952 590 facto
1976 558 2036 600 piu
2059 558 2158 590 richo
2190 558 2250 590 ho-

1419 608 1433 623 “
1447 619 1503 640 mo
1521 610 1564 641 de
1587 610 1691 648 Pava,
1717 618 1750 643 et
1766 612 1803 643 in
1819 613 1948 643 honore
1965 612 1996 644 ir>
2019 618 2052 643 te
2077 622 2252 654 avancava

1421 664 1435 679 “
1451 665 1547 705 quasi
1572 675 1592 696 a
1614 666 1691 698 tutti
1717 667 1729 698 i
1753 666 1923 699 citadini?
1954 657 1983 698 E
2015 671 2137 707 questo
2167 667 2251 698 don-

1421 718 1434 733 “
1449 718 1515 749 cha
1532 718 1562 748 ei
1579 719 1702 751 merito
1719 718 1762 751 de
1778 725 1875 751 tanto
1892 719 2074 757 beneficio,
2098 729 2118 750 a
2141 719 2252 751 voler-

1421 770 1435 786 “
1448 781 1502 802 me
1519 771 1627 804 haver
1643 773 1778 804 tradido
1796 772 1843 803 mi
1862 779 1895 804 et
1909 773 1921 804 i
1937 772 2003 803 mie
2019 772 2092 804 cosi
2106 772 2253 815 incusta-

1421 824 1617 865 “mente?„
1655 826 1695 856 El
1726 826 1806 867 qual
1837 825 1983 869 Canbon
2007 831 2188 858 constante
2219 831 2255 858 et

1416 877 1642 910 fermamente
1665 879 1765 920 nego.
1810 879 1870 910 Ma
1898 879 2083 910 convincto
2107 879 2151 910 da
2166 878 2254 911 Polo

1415 930 1540 969 Docto,
1565 932 1596 963 el
1613 931 1692 973 qual
1708 933 1819 964 havea
1834 933 2039 964 descoverto
2055 931 2171 973 quello
2187 937 2255 964 tra-

1417 983 1581 1020 dimento,
1598 984 1656 1015 nol
1672 984 1753 1026 pose
1771 995 1909 1027 negare.
1942 985 2008 1016 Per
2024 984 2057 1016 la
2069 984 2149 1026 qual
2162 995 2254 1021 cosa,

1418 1036 1509 1068 dado
1535 1037 1602 1068 alla
1619 1042 1714 1068 corte
1731 1036 1788 1069 del
1805 1038 1934 1079 poesth,
1949 1043 2254 1078 spontaneamente

1417 1090 1578 1122 confesso
1602 1091 1667 1122 che
1693 1091 1736 1122 de
1752 1091 1885 1132 sapuda
1903 1091 1946 1122 de
1964 1090 2088 1121 mesier
2104 1091 2256 1122 Iacomin

1418 1143 1461 1174 da
1478 1141 1623 1174 Carrara
1640 1149 1673 1175 et
1690 1144 1733 1175 de
1748 1154 1785 1175 so
1802 1145 2090 1176 comandamento
2107 1144 2177 1175 ello
2193 1143 2254 1175 do-

1417 1207 1480 1228 vea
1498 1197 1639 1228 ancider
1655 1197 1685 1228 el
1703 1197 1798 1229 dicto
1813 1197 1997 1239 magnifico
2010 1197 2137 1228 mesier
2149 1198 2256 1228 Fran-

1418 1259 1520 1281 cesco
1545 1259 1564 1280 o
1587 1260 1655 1281 con
1679 1250 1774 1282 ferro
1797 1261 1818 1282 o
1842 1261 1908 1282 con
1931 1261 2054 1282 venen.
2101 1250 2151 1282 El·
2175 1249 2256 1292 qual

1418 1313 1527 1334 venen
1559 1303 1706 1343 portado
1729 1303 1785 1334 nel
1817 1303 1939 1345 palaco
1964 1303 2020 1335 del
2052 1313 2179 1334 comun
2211 1303 2256 1334 de

1418 1356 1523 1395 pava,
1550 1357 1736 1398 lecandose
1767 1357 1799 1387 la
1829 1357 2007 1388 sentencia
2038 1357 2082 1388 de
2112 1355 2257 1400 Canbon

1417 1409 1540 1442 Docto.
1565 1409 1675 1450 prima
1692 1410 1924 1450 palesemente
1941 1410 2114 1441 mostrado
2131 1419 2149 1439 a
2165 1408 2257 1446 tutti,

1417 1472 1437 1492 a
1461 1462 1496 1493 di
1520 1462 1649 1494 dodese
1673 1463 1716 1494 de
1740 1462 1924 1494 decembre
1948 1463 1984 1494 fo
2001 1462 2259 1503 publicamente

1418 1515 1578 1547 brusado.
1615 1516 1655 1547 El
1681 1516 1775 1548 dicto
1799 1516 1942 1557 Canbon
1970 1516 2083 1547 Docto
2115 1516 2152 1547 fo
2176 1525 2257 1547 con-

1420 1569 1593 1601 demnado
1624 1581 1644 1600 a
1678 1576 1846 1612 perpetuo
1881 1580 2033 1607 carcere,
2064 1570 2258 1611 avegnadio

1420 1622 1485 1654 che
1511 1622 1532 1654 '1
1554 1623 1666 1664 primo
1689 1633 1812 1666 cugno,
1836 1623 1902 1654 che
1925 1623 2033 1665 segui‚
2051 1622 2109 1664 poi
2129 1623 2197 1655 ello
2221 1622 2258 1654 fo

1420 1683 1530 1709 morto
1554 1677 1610 1709 dai
1634 1688 1671 1708 so
1695 1677 1842 1718 parenti.
2262 1668 2268 1677 ’

1509 1776 1582 1806 203.
1609 1793 1648 1797 -
1673 1774 1741 1806 Per
1764 1774 1797 1807 lo
1821 1775 1883 1806 dar
1906 1774 1937 1806 el
1955 1774 2098 1806 castello
2116 1775 2160 1806 de
2176 1773 2260 1806 Per-

1422 1839 1518 1871 cene,
1543 1828 1606 1859 che
1633 1828 1678 1860 fe'
1702 1829 1944 1860 Bonaventura
1969 1829 2013 1859 de
2043 1827 2199 1859 Gardeili
2228 1827 2260 1859 al

1422 1881 1607 1924 magnifico
1633 1882 1773 1913 Iacomo
1797 1880 1842 1912 da
1869 1881 2028 1917 Carrara,
2045 1887 2079 1912 et
2094 1891 2157 1922 per
2181 1880 2261 1911 l’ac-

1421 1935 1532 1976 quisto
1556 1935 1626 1975 poi,
1653 1935 1718 1966 che
1741 1934 1785 1965 fe’
1800 1935 1831 1965 el
1856 1934 1950 1966 dicto
1967 1934 2116 1972 Iacomo,
2133 1934 2177 1965 de
2194 1933 2260 1966 Le-

1422 1988 1513 2029 vigo,
1530 1985 1636 2018 Selva
1653 1993 1686 2018 et
1701 1987 1947 2023 Rochabruna,
1966 1987 2114 2018 nassudo
2131 1985 2211 2018 odio
2229 1991 2263 2017 et

1388 2064 1389 2067 η
1423 2040 1595 2072 discordia
1620 2046 1671 2072 tra
1696 2040 1726 2071 ei
1743 2040 1920 2071 marchese
1945 2040 1987 2070 de
2009 2040 2261 2071 Rrandembur-

1389 2087 1391 2127 ¹.
1423 2105 1467 2136 go
1491 2094 1535 2126 da
1558 2104 1625 2124 una
1649 2099 1746 2134 parte
1770 2099 1804 2124 et
1826 2093 1966 2124 Iacomo
1983 2093 2026 2123 da
2054 2091 2201 2124 carrara
2218 2092 2263 2124 da

1425 2147 1534 2178 l'altra
1568 2152 1678 2188 parte,
1712 2145 1848 2177 benche
1888 2146 1931 2176 ad
1967 2151 2046 2176 acto
2084 2145 2182 2176 nisun
2217 2145 2262 2176 de

1424 2210 1550 2243 guerra
1574 2210 1636 2240 per
1667 2205 1786 2237 questo
1810 2204 1863 2229 tra
1896 2198 1953 2230 elli
1983 2209 2018 2229 se
2042 2198 2262 2239 procedesse‚

1423 2259 1534 2284 morto
1558 2252 1589 2283 el
1614 2252 1710 2283 dicto
1733 2251 1923 2293 magnifico
1945 2251 2096 2288 Iacomo,
2114 2249 2187 2282 cosi
2205 2260 2264 2282 co-

1425 2315 1480 2337 mo
1501 2305 1512 2336 i
1536 2305 1716 2346 magnifici
1740 2303 1906 2341 Iacomin,
1928 2314 1966 2335 so
1987 2304 2088 2340 frelo,
2105 2309 2138 2334 et
2154 2303 2263 2334 Fran-

1390 2377 1391 2380 =
1425 2368 1539 2395 cesco‚
1564 2368 1600 2389 so
1617 2357 1717 2393 frelo,
1732 2367 1865 2388 romase
1886 2357 2003 2388 heredi
2032 2357 2124 2388 della
2147 2356 2264 2398 signo-

1391 2422 1392 2425 *
1425 2411 1475 2442 ria
1492 2416 1526 2441 et
1543 2409 1586 2441 de
1604 2410 1683 2451 ogni
1700 2409 1787 2441 altra
1805 2419 1896 2446 cosa,
1915 2409 1985 2441 cosi
2003 2410 2046 2440 de
2063 2408 2181 2447 l’odio,
2197 2409 2264 2440 che

1391 2497 1393 2504 ¹
1426 2475 1484 2495 era
1507 2469 1559 2494 tra
1582 2463 1640 2504 luy
1664 2472 1682 2493 e
1707 2462 1728 2492 'l
1744 2463 1923 2493 marchese
1942 2463 1983 2493 de
2009 2461 2264 2494 Brandembur-

1425 2527 1479 2558 go.
1526 2515 1585 2546 Ma
1609 2516 1644 2545 in
1667 2525 1829 2555 processo
1854 2515 1896 2545 de
1922 2520 2035 2556 tempo
2058 2516 2092 2546 le
2115 2513 2264 2546 inimista

1426 2575 1459 2600 et
1483 2570 1493 2599 i
1518 2568 1586 2600 odii
1605 2569 1723 2599 cresce
1741 2568 1769 2599 si
1786 2575 1837 2599 tra
1855 2568 1884 2598 le
1901 2574 2010 2609 parte,
2027 2569 2092 2600 che
2109 2568 2176 2599 alle
2190 2566 2263 2598 fine

1425 2633 1461 2654 se
1485 2632 1598 2653 venne
1630 2621 1696 2652 alla
1727 2631 1858 2663 guerra.
1906 2622 1986 2653 Ana
2018 2621 2096 2663 quai
2128 2629 2264 2663 guerra,

1426 2675 1547 2707 siando
1564 2675 1604 2714 ca
1620 2684 1722 2715 preso
1739 2674 1860 2705 mesier
1878 2675 2053 2706 Iacomino
2078 2675 2122 2705 da
2142 2673 2264 2705 Carra-

1425 2740 1473 2767 ra,
1506 2728 1538 2759 el
1568 2728 1757 2771 magnifico
1779 2729 1899 2770 signor
1922 2729 2045 2759 mesier
2068 2728 2266 2759 Francesco

1425 2782 1524 2814 statui
1547 2780 1673 2812 diversi
1699 2781 1875 2822 capitanii,
1900 2791 1998 2812 como
2022 2789 2210 2812 occurreva
2233 2778 2267 2810 la

1426 2834 1590 2865 diversita
1613 2833 1691 2864 dele
1716 2843 1806 2864 cose.
1853 2834 1993 2876 Aiguna
2023 2832 2071 2864 fia
2101 2832 2140 2863 fo
2171 2830 2267 2873 capi-

1425 2887 1519 2919 tanio
1554 2886 1679 2918 mesier
1712 2886 1827 2929 Loyse
1862 2885 2021 2929 Forcate‚
2053 2885 2140 2917 altra
2170 2883 2268 2916 fiada

1515 2993 1557 3026 46.
1579 2995 1626 3018 via
1646 2994 1673 3017 P
1682 2994 1709 3017 E
