2422 3684
487 254 656 290 GESTA
683 252 983 288 MAGNIFICA
1014 250 1201 286 DOMUS
1231 245 1628 283 CARRARIENSIS

217 620 291 651 248.
317 640 356 644 —
388 619 464 650 Hoc
495 623 649 659 tempore
681 616 882 658 magnificus
908 616 970 647 do—

129 673 241 704 minus
258 672 464 704 Franciscus
481 672 523 702 de
540 671 701 702 Carraria
714 681 790 702 curn
805 670 969 701 fratribus

128 727 196 758 suis
219 725 367 757 dominis
391 724 547 756 Mai-silio
571 730 604 755 et
634 724 782 755 Nicolao
806 724 970 765 patrimo-

127 778 232 810 nialia
256 779 370 810 omnia
401 778 436 808 in
467 784 536 808 tres
568 777 759 808 diviserunt
782 777 969 818 portiones,

127 843 270 873 quarum
294 831 423 863 domini
448 830 622 862 Marsilius
645 836 679 862 et
703 830 870 862 Nicolaus
886 831 970 862 duas

127 884 278 916 habuere
302 890 337 916 et
361 885 508 922 domum,
532 884 589 915 ubi
606 883 703 915 miles
720 883 845 915 nobilis
861 884 969 915 domi-

127 948 189 969 nus
219 936 371 980 Caninus
408 938 450 970 de
483 937 618 979 Peraga
650 937 855 977 morabatur,
891 949 969 969 cnm

126 991 343 1032 appendiciis
355 991 479 1027 multis,
493 991 528 1021 in
541 997 694 1022 contrata
708 992 836 1023 Sancte
851 992 969 1029 Lucie,

126 1044 387 1085 suppeletilibus
410 1045 578 1081 fulcitam,
603 1055 678 1076 cum
703 1045 857 1085 partibus
886 1046 970 1076 dua-

127 1099 190 1130 bus
207 1099 379 1130 fructuum
397 1100 476 1130 anni
493 1100 672 1140 presentis.
700 1098 813 1136 Quam
831 1098 968 1130 domum

127 1163 203 1184 cum
235 1158 344 1184 matre
379 1153 485 1185 nobili
524 1153 661 1185 domina
685 1153 894 1184 Constancia
925 1153 967 1184 de

127 1206 273 1238 Polenta
296 1207 330 1237 in
354 1206 445 1237 festo
473 1206 674 1238 Nativitatis
706 1206 842 1238 Domini
872 1207 970 1237 inha-

127 1259 283 1297 bitatum,
307 1260 417 1290 missis
440 1259 504 1291 sibi
528 1269 589 1300 per
612 1259 722 1300 ipsum
747 1259 967 1300 magnificum

127 1313 303 1345 dominum
330 1314 552 1345 Franciscum
570 1313 665 1344 libris
689 1312 970 1354 vigintiquatuor

128 1365 264 1398 milibus
289 1377 350 1408 pro
373 1366 601 1409 gubernande
626 1366 747 1398 domus
771 1367 925 1398 introitu.

214 1464 288 1495 249.
311 1481 356 1486 —
378 1465 449 1502 Qui
466 1465 666 1507 magnificus
690 1464 847 1495 dominus
864 1464 970 1495 Fran-

127 1517 239 1548 ciscus
267 1518 309 1549 de
346 1517 515 1555 Carraria,
550 1518 648 1550 cordi
682 1529 809 1549 summe
846 1528 971 1559 gerens

126 1576 252 1611 patave
276 1578 495 1612 augmentum
521 1571 679 1608 civitatis,
710 1578 746 1602 ut
770 1570 972 1612 disciplina-

127 1636 201 1655 rum
224 1626 374 1656 omnium
397 1624 479 1656 flore
504 1625 639 1665 potiret.
665 1624 787 1667 grandi
811 1634 888 1655 cum
920 1624 972 1654 in-

128 1679 260 1709 stancia
284 1689 303 1709 a
320 1688 410 1719 papa
426 1678 573 1709 obtinuit
598 1676 739 1709 Urbano
760 1678 877 1719 quinto
894 1687 970 1719 gra-

129 1730 217 1762 ciam
249 1731 444 1774 theologice
468 1731 646 1762 facultatis
678 1731 838 1772 quodque
867 1730 973 1762 abbas

128 1785 238 1816 sancti
264 1785 416 1816 Steffani
440 1785 483 1816 de
509 1783 680 1821 Carraria,
694 1784 884 1825 episcopali
909 1783 974 1815 Pa-

129 1838 196 1870 due
221 1838 303 1870 sede
328 1844 485 1876 vacante,
501 1839 536 1868 in
561 1837 636 1869 aliis
660 1843 776 1879 posset
801 1837 973 1868 facultati-

129 1891 191 1923 bus
213 1892 407 1923 doctorare.

218 1998 292 2030 250.
313 2017 347 2022 —-
370 1999 611 2032 Invalescente
630 2000 665 2030 in
683 1999 756 2030 dies
781 1997 973 2041 guerra'in-

129 2058 182 2085 ter
205 2053 346 2084 Austrie
370 2053 495 2084 ducem
520 2058 555 2084 et
579 2053 736 2084 dominos
753 2052 973 2083 Franciscum

130 2105 173 2137 de
198 2105 357 2137 Carraria
381 2112 415 2137 et
446 2106 701 2147 aquilegensem
729 2105 976 2149 patriarcham,

130 2159 340 2192 Comunitati
365 2158 596 2190 Veneciarum
623 2158 729 2188 visum
754 2163 803 2188 est
827 2157 870 2188 de
889 2168 974 2198 pace

130 2218 291 2244 tractare.
338 2212 506 2243 Miserunt
537 2212 652 2253 itaque
684 2211 727 2241 ad
764 2211 873 2251 ipsum
906 2222 974 2241 nia-

129 2266 292 2310 gnificum
329 2265 503 2296 dominum
535 2264 714 2296 solennem
747 2264 974 2306 legacionem,

131 2330 200 2362 qua
223 2329 408 2360 numquam
433 2318 669 2360 benigniorem
699 2323 777 2348 ante
810 2317 975 2357 premise-

132 2379 217 2403 rant.
256 2371 362 2410 Quod
386 2371 582 2414 ambiguum
601 2377 662 2405 est,
681 2381 723 2401 an
746 2381 788 2401 ex
806 2370 881 2412 celo
907 2370 974 2401 hoc

132 2427 306 2462 fecerunt,
339 2436 381 2456 an
404 2430 440 2455 ut
467 2425 577 2466 ipsum
613 2434 752 2456 exosum
789 2424 975 2454 redderent

132 2478 251 2510 inclito
284 2478 460 2520 Hungarie
492 2479 576 2520 regi,
604 2479 637 2508 in
663 2488 764 2519 quem
794 2478 866 2509 eius
897 2487 976 2518 spes

133 2538 204 2563 tota
226 2531 410 2568 residebat,
434 2531 459 2562 si
486 2542 562 2562 cum
587 2531 668 2571 ipsis
701 2531 743 2562 de
771 2541 857 2572 pace
883 2541 975 2562 com—

134 2590 288 2626 poneret.
327 2584 394 2615 Cui
419 2583 588 2625 legacioni
605 2595 668 2625 per
684 2584 796 2625 ipsum
815 2583 976 2625 magnifi-

135 2648 212 2669 cum
235 2637 411 2669 dominum
437 2638 626 2678 prudenter
643 2637 756 2669 extitit
771 2647 973 2677 responsum

135 2692 170 2722 in
194 2690 294 2722 alium
321 2690 560 2731 compromicti
586 2700 654 2721 non
686 2700 785 2731 posse
817 2700 918 2731 quam
941 2690 975 2720 in

136 2744 293 2775 inclitum
312 2743 488 2786 Hungarie
507 2753 635 2786 regern,
653 2744 815 2774 arbitrum
833 2753 977 2774 concor-

137 2797 230 2829 diter
245 2797 408 2832 electum
426 2802 476 2827 set
500 2796 584 2827 alius
600 2796 656 2827 ubi
675 2796 902 2827 arbitraturus
919 2796 978 2825 eli-

138 2855 287 2891 geretur,
310 2860 391 2881 vere
416 2850 604 2881 comunitas
631 2849 862 2880 veneciarum
887 2859 977 2879 mor-

140 2903 257 2934 talium
283 2902 405 2934 ceteris
429 2909 689 2943 preponeretur.

229 3005 267 3030 18.
281 3006 367 3029 libras
379 3005 414 3029 M
428 3019 455 3023 -
474 3011 514 3037 ²3·
529 3007 637 3037 poteret
650 3007 685 3029 M
695 3019 725 3023 -
742 3011 830 3037 24-25.
843 3006 937 3038 gracia
947 3007 982 3029 M

1037 932 1073 962 10

1035 1779 1075 1811 25

1037 2099 1079 2130 30

1038 2364 1077 2396 35

1040 2630 1079 2660 40

1042 2890 1079 2920 45

1451 380 1588 410 REDAz.
1614 378 1649 409 l)

1130 454 1258 485 valiero
1282 453 1317 484 in
1336 462 1428 483 arme
1454 451 1606 493 egregio,
1632 450 1758 491 perche
1776 450 1807 480 el
1825 449 1911 481 ditto
1928 449 1972 479 si-

1129 517 1214 549 gnor
1232 506 1341 537 havea
1367 504 1516 536 revocha
1533 514 1660 534 messer
1677 503 1805 534 Manno
1824 503 1969 533 Donato.

1218 613 1292 644 248.
1318 630 1358 634 -—
1379 612 1432 643 En
1456 616 1576 653 questo
1602 616 1716 650 tempo
1740 610 1772 640 el
1790 609 1972 650 magnifico

1130 667 1247 707 signor
1269 665 1392 696 mesier
1416 665 1613 696 Francesco
1638 663 1682 694 da
1707 664 1854 694 Carrara
1885 662 1973 703 parti

1130 719 1206 751 tutti
1231 719 1242 749 i
1263 719 1343 750 beni
1369 715 1602 759 patrimoniali
1619 716 1653 746 in
1670 721 1722 747 tre
1739 721 1835 755 parte
1853 725 1919 746 con
1935 725 1973 746 so

1130 771 1272 803 fradelli
1297 772 1420 802 mesier
1445 768 1599 800 Marsilio
1616 773 1649 798 et
1668 768 1803 805 Nicolo‚
1824 768 1857 798 di
1881 768 1973 809 quali

1129 825 1208 857 beni
1232 826 1243 856 i
1268 825 1352 856 dicti
1371 824 1496 855 mesier
1519 821 1674 852 Marsilio
1692 827 1725 852 et
1742 821 1868 852 Nicolo
1886 821 1971 852 have

1131 878 1161 909 le
1186 879 1230 908 do
1256 883 1353 918 parte
1379 883 1413 908 et
1443 876 1476 906 la
1509 885 1589 906 casa
1618 873 1750 916 grande
1776 874 1819 905 de
1845 872 1972 905 Sancta

1130 931 1249 967 Lucia,
1276 941 1341 962 con
1367 930 1472 961 molte
1497 929 1583 959 altre
1609 938 1689 959 cose
1714 928 1785 967 (sic)
1799 927 1972 969 contigue,

1130 983 1269 1016 fornida
1285 984 1327 1014 de
1346 983 1425 1025 ogni
1443 981 1616 1018 massaria,
1631 991 1693 1012 con
1711 982 1755 1012 do
1769 986 1866 1021 parte
1881 981 1972 1011 delle

1131 1038 1206 1068 frue
1233 1037 1274 1068 de
1298 1036 1412 1067 l'anno
1438 1040 1609 1076 presente.
1653 1034 1703 1065 La
1720 1034 1799 1076 qual
1818 1043 1897 1064 casa
1915 1034 1972 1064 elli

1131 1091 1221 1123 ando
1246 1092 1290 1122 ad
1323 1090 1454 1122 habitat
1487 1099 1551 1121 con
1585 1089 1617 1119 la
1646 1088 1830 1130 magnifica
1855 1087 1972 1119 donna

1130 1145 1277 1176 madona
1302 1144 1473 1185 Costanca
1491 1143 1535 1174 da
1552 1142 1709 1179 Polenta‚
1734 1151 1792 1171 soa
1810 1151 1915 1178 mare,
1937 1141 1973 1172 in

1131 1198 1162 1228 la
1186 1198 1275 1229 festa
1298 1197 1354 1228 del
1382 1196 1526 1228 Nadale.
1575 1197 1620 1227 Et
1656 1195 1682 1226 si
1708 1205 1750 1237 ge
1779 1196 1815 1226 fo
1847 1195 1972 1226 mando

1130 1261 1192 1293 per
1214 1252 1248 1282 lo
1273 1251 1469 1282 sovradicto
1495 1250 1678 1291 magnifico
1707 1248 1825 1290 signor
1849 1249 1972 1279 mesier

1130 1305 1326 1335 Francesco
1360 1304 1403 1335 da
1428 1304 1574 1335 Carrara
1610 1303 1696 1334 livre
1733 1302 1817 1333 vinti
1849 1308 1971 1344 quatro

1130 1358 1221 1389 milia
1246 1368 1307 1399 per
1325 1357 1413 1388 bene
1431 1356 1566 1388 intrada
1584 1362 1616 1387 et
1633 1365 1790 1398 governo
1812 1355 1854 1386 de
1880 1365 1969 1385 casa.

1219 1455 1293 1486 249.
1314 1473 1347 1477 —
1364 1455 1406 1486 El
1420 1455 1506 1486 ditto
1520 1454 1701 1496 magnifico
1714 1453 1830 1495 signos
1846 1452 1972 1484 mesier

1131 1511 1340 1546 Francesco,
1364 1508 1538 1540 habiando
1561 1518 1696 1548 sempre
1720 1508 1755 1537 in
1776 1517 1897 1538 anemo
1914 1506 1971 1536 l'a-

1130 1562 1358 1594 crescimento
1393 1562 1486 1592 della
1517 1560 1585 1592 cita
1621 1561 1663 1592 de
1699 1560 1804 1598 Pava,
1839 1560 1970 1602 acoche¹

1132 1615 1199 1646 ella
1216 1615 1308 1646 fosse
1327 1616 1457 1646 ornada
1474 1616 1530 1646 del
1549 1616 1630 1646 tiore
1649 1615 1689 1645 de
1708 1620 1793 1645 tutte
1811 1614 1842 1644 le
1859 1615 1973 1644 scien-

1132 1669 1194 1705 cie,
1211 1679 1275 1700 con
1296 1669 1427 1710 grande
1452 1668 1621 1699 instancia
1647 1668 1797 1699 obtennc
1823 1668 1865 1698 da
1884 1677 1971 1708 papa

1132 1721 1251 1753 Urban
1276 1721 1395 1763 quinto
1416 1722 1448 1752 la
1464 1722 1583 1763 gracia
1601 1721 1690 1752 della
1707 1720 1860 1752 sciencia
1877 1720 1974 1752 theo-

1133 1775 1258 1817 logica,
1275 1781 1309 1806 et
1334 1775 1397 1805 che
1422 1775 1454 1806 lo
1479 1775 1567 1806 abba
1592 1776 1634 1806 de
1660 1775 1729 1807 San
1754 1773 1911 1805 Steffano
1930 1774 1974 1805 da

1134 1827 1290 1865 carrara,
1319 1828 1474 1860 vacando
1500 1828 1534 1859 in
1558 1828 1652 1859 Pava
1676 1828 1708 1859 la
1733 1827 1815 1859 sede
1842 1827 1975 1868 episco-

1133 1881 1223 1924 pale,
1238 1891 1392 1923 possesse
1411 1881 1594 1913 doetorare
1612 1881 1643 1911 in
1661 1882 1690 1912 le
1708 1881 1792 1912 altre
1810 1881 1973 1912 sciencie.

1224 1978 1297 2010 250.
1316 1997 1357 2001 -
1374 1978 1570 2010 Cressando
1589 1979 1630 2010 de
1649 1979 1682 2010 di
1700 1978 1733 2008 in
1751 1978 1784 2009 di
1801 1978 1831 2009 la
1849 1988 1975 2020 guerra

1133 2033 1224 2064 intro
1242 2033 1273 2064 el
1291 2033 1373 2063 duse
1393 2033 1435 2063 de
1452 2032 1608 2064 Osterico
1627 2040 1659 2064 et
1679 2033 1689 2063 i
1705 2033 1833 2075 signori
1851 2032 1975 2063 mesier

1135 2087 1329 2118 Francesco
1354 2085 1398 2116 da
1422 2085 1567 2117 Carrara
1591 2096 1609 2115 e
1636 2085 1655 2115 'l
1672 2086 1867 2127 patriarcha
1893 2085 1976 2116 d'A—

1134 2139 1236 2181 golia,
1250 2138 1317 2169 alla
1341 2139 1514 2170 comunita
1538 2137 1582 2169 de
1608 2138 1758 2170 Venesia
1776 2149 1875 2179 parse
1894 2145 1976 2170 trat-

1134 2199 1186 2222 tar
1211 2193 1255 2223 de
1280 2202 1361 2233 pase
1386 2197 1420 2222 et
1444 2191 1471 2222 si
1488 2191 1614 2222 mando
1632 2192 1662 2222 al
1680 2192 1774 2223 dicto
1794 2193 1975 2235 magnifico

1133 2247 1251 2287 signor
1270 2256 1338 2276 una
1353 2245 1505 2276 solemne
1528 2246 1719 2277 ambaxada
1743 2252 1776 2276 et
1800 2246 1856 2287 piu
1881 2245 1978 2277 beni-

1134 2310 1202 2342 gna
1228 2300 1271 2331 de
1296 2299 1427 2335 nisuna,
1446 2300 1509 2330 che
1528 2299 1584 2329 elli
1610 2299 1640 2330 ie
1667 2299 1807 2331 havesse
1826 2300 1893 2330 mai
1910 2300 1978 2340 pri-

1134 2364 1187 2383 ma
1211 2353 1394 2383 mandada.
1430 2352 1519 2394 Anci
1546 2353 1582 2383 fo
1607 2351 1722 2389 dubio,
1739 2363 1775 2383 se
1795 2353 1850 2383 elli
1868 2353 1977 2383 havea

1134 2408 1228 2438 facto
1242 2412 1361 2448 questo
1378 2417 1439 2447 per
1452 2405 1539 2447 eielo
1557 2416 1576 2436 0
1591 2417 1652 2446 per
1667 2406 1830 2436 mecterlo
1849 2406 1881 2436 in
1895 2405 1977 2437 odio

1134 2471 1153 2490 a
1171 2460 1315 2491 l'inclito
1341 2469 1376 2490 re
1403 2460 1445 2491 de
1471 2459 1657 2500 Hongaria,
1681 2469 1716 2489 se
1742 2459 1810 2489 ello
1833 2459 1976 2490 llavesse

1134 2515 1306 2556 componu
1330 2524 1395 2545 con
1418 2513 1493 2545 loro
1518 2514 1560 2545 de
1586 2523 1678 2554 pase,
1708 2512 1737 2543 el
1764 2512 1841 2554 qual
1866 2511 1977 2542 havea

1134 2574 1221 2599 tutta
1237 2567 1269 2598 la
1287 2577 1345 2597 soa
1362 2576 1527 2609 speranca
1546 2566 1580 2596 in
1599 2566 1631 2596 lo
1650 2566 1743 2597 dicto
1759 2576 1806 2596 re.
1853 2565 1901 2596 Fo
1916 2575 1978 2605 per

1134 2621 1166 2651 10
1192 2621 1277 2652 ditto
1302 2620 1484 2662 magnifico
1508 2621 1624 2662 signor
1641 2619 1765 2649 mesier
1783 2619 1977 2650 Francesco

1135 2673 1178 2705 da
1202 2674 1348 2705 Carrara
1372 2673 1582 2705 saviamente
1607 2678 1762 2713 resposto
1794 2671 1860 2702 alla
1886 2671 1978 2702 dicta

1135 2726 1326 2758 ambaxada
1352 2737 1394 2757 no
1418 2737 1453 2757 se
1477 2736 1595 2767 posser
1626 2730 1901 2766 compromecter
1934 2723 1979 2754 lui

1135 2780 1171 2811 in
1195 2780 1278 2810 altra
1312 2789 1459 2820 persona
1490 2779 1555 2810 cha
1586 2779 1618 2809 in
1651 2779 1683 2809 lo
1716 2778 1835 2809 inclito
1867 2787 1903 2807 re
1936 2777 1978 2808 de

1137 2833 1324 2875 Hongaria,
1347 2833 1475 2864 arbitro
1500 2832 1603 2863 eletto
1621 2833 1664 2863 de
1682 2831 1871 2862 concordia
1888 2830 1978 2861 delle

1136 2893 1243 2927 parte.
1290 2886 1348 2916 Ma
1372 2885 1402 2917 o’
1427 2887 1491 2917 che
1508 2896 1543 2917 se
1561 2886 1712 2927 elegesse
1731 2885 1815 2916 altro
1841 2883 1979 2923 arbitro,
