2422 3684
478 254 649 289 GESTA
680 253 984 289 MAGNIFICA
1015 252 1197 288 DOMUS
1227 251 1613 287 CARRARIENSIS
1916 249 1958 284 ‹Jl

445 386 582 419 REnAz.
609 386 642 418 A

215 459 288 490 212.
316 477 355 481 —
381 457 456 489 Hac
481 463 682 499 tempestate
706 463 799 489 terra
829 459 969 490 Monta-

126 522 249 553 gnane,
274 522 340 554 que
365 521 467 553 super
491 510 682 542 confinibus
714 511 833 542 Patavi
858 512 969 543 Vero—

125 567 309 608 nensisque
334 566 396 598 soli
419 566 454 596 in
478 575 602 607 magna
626 565 677 596 sui
703 565 889 606 opulencia
905 566 969 597 sita

126 625 186 656 est,
211 630 231 650 a
255 619 436 661 magnifico
463 618 600 649 domino
622 618 808 649 Francisco
833 618 968 650 seniore

125 671 168 703 de
193 671 355 703 Carraria
379 671 562 703 coctilibus
586 671 692 702 muris
715 671 806 712 cingi
825 671 917 712 cepit
935 678 969 703 et

125 725 246 767 viginti
271 736 331 756 sex
354 723 536 764 mensibus,
562 724 681 755 diebus
702 735 837 760 novem,
854 726 969 765 operis

126 777 237 819 pulcri
261 777 446 818 superstite
475 777 726 808 Francischiuo
752 777 794 808 de
822 777 969 815 Schicis‚

129 831 285 871 perfecta
317 836 377 861 est.
423 831 508 861 Item
540 837 617 871 post
648 829 834 862 immediate
870 838 969 871 porta

125 889 222 915 sante
246 883 379 920 Crucis,
395 882 645 926 subsequenter
663 882 970 921 Castrumcarrum,

125 943 273 968 castrum
308 937 465 978 pulcrum
502 937 706 974 Buvulente‚
738 943 771 968 et
802 937 969 968 fortilicia

124 996 244 1031 postea
268 991 312 1022 de
329 990 460 1033 Oriago
480 996 582 1031 cepta
598 996 694 1027 sunt3
713 990 867 1031 publicas
885 997 970 1022 stra-

124 1049 186 1079 tas,
210 1053 361 1086 argeres,
384 1050 509 1084 pontes
532 1044 565 1074 in
591 1043 711 1075 padua
736 1049 770 1074 et
803 1044 966 1075 comitatu

124 1096 326 1127 mirabiliter
350 1096 470 1127 struxit
495 1102 528 1128 et
553 1097 735 1138 reparavit.

212 1255 286 1286 213.
310 1274 354 1278 —
377 1256 510 1288 Eodem
535 1266 636 1293 anno,
660 1256 715 1287 die
734 1257 852 1298 quinto
873 1257 966 1295 maii,

125 1309 282 1340 dominus
306 1309 432 1347 pileus,
456 1319 572 1340 comes
592 1309 635 1340 de
654 1309 767 1347 Prata,
785 1319 967 1351 germanus

122 1362 295 1404 magnifici
320 1362 445 1394 domini
472 1363 649 1393 Francisci
673 1363 717 1393 de
750 1363 910 1394 Carraria
933 1369 967 1395 et

124 1415 309 1456 episcopus
332 1415 494 1451 Tawisii,
518 1415 663 1456 primam
687 1416 824 1447 missam
849 1416 885 1447 iu
902 1416 967 1447 Pa-

123 1468 190 1499 dua
215 1478 292 1499 cum
316 1479 446 1499 summo
472 1468 661 1500 celebravit
688 1469 832 1506 honore,
864 1480 965 1512 quem

123 1520 226 1562 paulo
250 1527 327 1562 post
351 1532 412 1563 per
435 1528 581 1552 mortem
599 1522 728 1554 domini
746 1523 907 1554 Iohannis
924 1524 966 1554 de

122 1573 269 1613 Ursinis,
287 1574 439 1616 episcopi
457 1574 587 1611 Padue,
604 1575 799 1608 interventu
816 1577 965 1618 predicti

123 1627 294 1669 magnifici
309 1628 438 1659 domini
452 1628 629 1660 Francisci
645 1639 795 1660 summus
809 1630 966 1671 pontifex

123 1680 241 1711 Padue
266 1681 465 1722 episcopum
492 1681 677 1713 ordinavit.

211 1841 286 1872 214.
312 1859 353 1863 --
377 1841 463 1872 Item
496 1843 597 1882 paulo
622 1848 699 1883 post
725 1842 869 1874 abbacia
892 1854 968 1874 san-

125 1899 179 1925 cte
204 1893 331 1924 Iustine
356 1900 493 1934 pastore
516 1901 674 1933 vacante,
700 1896 808 1927 frater
832 1896 966 1938 Vitalis,

124 1946 195 1978 eius
218 1947 417 1983 monachus,
450 1948 538 1979 filius
570 1947 739 1991 Pregalee
766 1951 809 1981 de
838 1950 967 1986 Leone,

125 1999 257 2031 electus
281 2000 325 2032 ad
347 2001 455 2041 ipsam
480 2002 675 2042 supplicatu
703 2003 876 2045 magnifici
908 2004 968 2034 do-

124 2053 206 2084 mini
231 2053 408 2086 Francisci
440 2055 483 2086 de
515 2055 686 2094 Carraria,
710 2067 772 2097 per
799 2067 966 2088 summum

124 2107 329 2148 pontificem
355 2109 399 2138 ad
422 2108 531 2149 ipsam
556 2109 779 2140 confirmatus
797 2116 858 2141 est.
901 2111 969 2142 Eo-

126 2161 204 2191 dem
231 2170 331 2200 anno,
356 2160 400 2191 de
424 2171 540 2192 mense
566 2162 712 2204 augusti,
737 2164 881 2194 fratrum
901 2164 969 2194 He-

124 2214 323 2245 remitarum
348 2220 495 2245 vacante
527 2216 696 2257 generali,
727 2216 845 2247 Padue
878 2218 969 2248 cele-

125 2266 257 2298 bratum
297 2267 362 2298 fuit
399 2268 586 2308 capitulum
622 2269 795 2311 generale,
830 2271 864 2300 in
899 2281 967 2312 quo

124 2320 356 2352 interfuerunt
372 2321 522 2364 magistri
540 2322 660 2364 viginti
679 2329 748 2354 tres
765 2323 968 2354 cathedrati.

126 2374 268 2406 Electus
281 2379 392 2405 autem
411 2374 585 2416 generalis
602 2375 667 2406 fuit
684 2376 791 2407 frater
808 2376 968 2408 Matheus

125 2427 168 2459 de
193 2427 332 2465 Esculo,
356 2428 406 2458 vir
423 2428 573 2459 sciencia
598 2436 631 2460 et
656 2428 814 2460 omnibus
829 2429 970 2460 redimi-

126 2487 188 2517 tus,
213 2481 268 2512 cui
286 2486 320 2512 et
335 2482 400 2513 toti
417 2481 568 2522 capitulo
586 2482 793 2525 magnificus
810 2483 968 2514 dominus

126 2534 333 2566 Franciscus
355 2535 389 2565 in
415 2535 582 2566 conviviis
606 2542 638 2566 et
661 2536 760 2566 donis
785 2536 966 2577 plurimum

127 2587 273 2619 contulit
307 2588 456 2619 honoris.
503 2588 623 2619 Eciam
655 2589 725 2619 suis
755 2589 969 2620 sermonibus

127 2647 159 2672 et
182 2641 477 2683 disputacionibus
502 2643 614 2673 voluit
639 2644 867 2684 personaliter
883 2644 970 2675 inte-
1001 2653 1002 2674 1

125 2704 227 2732 resse,
251 2695 320 2726 suis
344 2695 516 2727 nobilibus
541 2696 703 2727 militibus
719 2703 753 2728 et
769 2697 969 2729 doctoribus
1001 2702 1003 2739 j

126 2747 282 2779 sociatus.

215 2853 290 2886 215.
329 2873 370 2877 —-
410 2855 596 2887 Millesimo
635 2855 871 2893 CCCLVIIIL
912 2857 967 2888 die

127 2917 257 2939 xxvmi
276 2909 370 2945 maii,
387 2909 481 2940 circa
499 2909 646 2940 medium
665 2910 828 2949 vigesimus·
846 2918 967 2950 quarte
1002 2925 1003 2933 2

216 3018 256 3042 29.
278 3011 380 3043 ipsam]
401 3012 545 3035 abbatiam
566 3013 601 3035 „ll

1037 880 1073 910 10

1036 1145 1071 1176 15

1032 1468 1071 1497 20

1031 1735 1048 1764 kx.)

1053 1734 1069 1763 (λι

1031 2057 1072 2087 30

1032 2324 1071 2354 35

1034 2589 1072 2618 40

1449 385 1590 416 REDAZ.
1614 384 1650 415 I)

1216 460 1290 490 212.
1316 476 1355 480 —
1380 458 1419 488 In
1443 463 1563 498 questo
1589 462 1703 495 tempo
1737 455 1768 486 13
1803 461 1893 486 terra
1926 455 1968 485 de

1128 512 1371 553 Montagnana‚
1398 512 1462 542 che
1495 511 1511 541 ὲ
1545 509 1628 540 sulle
1663 509 1797 540 contine
1823 508 1880 539 del
1911 508 1971 539 de-

1128 572 1256 597 strecto
1283 566 1324 596 de
1349 564 1442 596 ana
1467 570 1502 596 et
1528 563 1678 598 Verona,
1697 562 1861 604 comenco
1880 572 1970 592 esser

1130 617 1272 649 morada
1299 618 1354 648 dal
1382 617 1564 659 magnifico
1587 616 1703 657 siguor
1722 615 1845 645 mesier
1863 615 1969 645 Frau-

1130 682 1230 702 cesco
1256 671 1377 702 vechio
1410 671 1452 701 da
1484 670 1631 702 Can-ara
1664 669 1706 699 de
1740 669 1833 709 piem
1867 673 1969 700 cotta„

1129 731 1162 756 et
1180 726 1221 756 -fo
1248 725 1407 766 compida
1430 725 1464 755 in
1489 723 1571 754 mesi
1596 721 1737 753 vintisei
1761 727 1793 752 et
1818 720 1851 751 di
1871 731 1970 757 nove,

1129 779 1248 810 siavado
1273 783 1488 810 sovrastante
1514 775 1748 808 Franceschin
1774 775 1815 804 de
1842 773 1969 805 Schici.

1130 832 1213 862 Item
1236 832 1480 863 incontenente
1504 831 1536 861 la
1554 834 1650 870 porta
1669 829 1702 859 di
1721 828 1849 860 Sancta
1864 827 1968 859 Crose

1130 885 1164 915 fo
1190 885 1244 926 po’
1264 885 1361 918 fana:
1381 885 1725 926 subsequentemente
1742 881 1969 920 Castelcarro‚

1129 938 1159 968 el
1185 938 1241 968 bel
1273 939 1376 969 castel
1411 939 1452 969 de
1484 937 1674 968 Bovolenta
1707 940 1739 966 et
1771 935 1802 965 la
1836 934 1969 975 foi-teca

1130 991 1184 1031 po'
1211 992 1252 1021 (le
1278 991 1421 1033 Oriago:
1450 996 1482 1022 et
1506 989 1563 1031 po’
1587 990 1615 1020 si
1646 989 1770 1029 reparo
1796 988 1826 1018 le
1854 988 1968 1018 strade

1130 1044 1304 1085 publiche,
1323 1045 1330 1074 i
1348 1055 1480 1086 argere,
1506 1044 1514 1074 i
1540 1043 1635 1084 ponti
1661 1042 1698 1072 in
1721 1041 1815 1072 Pava
1833 1047 1867 1071 et
1884 1041 1918 1071 in
1935 1041 1968 1071 lo

1128 1098 1239 1128 conta.
1287 1098 1423 1129 Cerclia
1449 1098 1480 1128 le
1505 1096 1584 1139 qual
1602 1106 1682 1127 cose
1699 1095 1766 1127 ello
1785 1105 1842 1126 era
1860 1105 1968 1125 mera-

1127 1148 1362 1180 veiosame1÷te
1387 1148 1551 1179 studioso.

1217 1255 1290 1285 213.
1329 1273 1366 1276 —
1402 1255 1454 1286 En
1486 1256 1565 1297 quel
1597 1267 1687 1287 anno
1719 1256 1875 1292 instesso,
1910 1256 1967 1286 adi

1127 1308 1250 1349 cinque
1268 1307 1310 1338 de
1331 1319 1437 1349 niaco,
1454 1310 1579 1340 mesier
1596 1309 1688 1345 Peio,
1706 1315 1807 1340 conte
1825 1308 1869 1340 de
1887 1308 1969 1340 Pra-

1127 1366 1172 1399 ta,
1198 1361 1295 1392 cosin
1319 1371 1461 1403 german
1480 1363 1535 1392 del
1562 1363 1744 1405 magnifico
1761 1363 1879 1405 signos
1898 1373 1966 1393 me—

1127 1414 1193 1445 sier
1207 1416 1402 1452 Francesco
1421 1414 1464 1446 da
1481 1415 1638 1456 carrara,
1656 1425 1803 1446 vescovo
1821 1416 1862 1446 de
1887 1415 1966 1446 Tri-

1127 1467 1208 1504 viso‚
1234 1467 1542 1510 congraudissimo
1569 1468 1698 1500 honore
1723 1469 1824 1500 canto
1850 1469 1882 1499 13
1906 1478 1965 1499 soa

1128 1531 1233 1553 messa
1267 1522 1301 1552 in
1335 1522 1437 1560 pava,
1470 1528 1503 1553 et
1534 1523 1648 1563 pocho
1681 1521 1725 1553 da
1758 1522 1824 1562 p0'‚
1856 1527 1966 1553 morto

1128 1575 1250 1606 mesier
1267 1574 1409 1617 Quamne
1428 1576 1483 1606 dei
1498 1576 1623 1611 Orsini,
1642 1586 1790 1607 vescovo
1805 1576 1846 1607 de
1862 1576 1966 1612 Pava,

1127 1638 1187 1668 per
1204 1628 1448 1669 interposicion
1475 1635 1509 1660 et
1533 1630 1778 1660 cerchameuto
1798 1629 1852 1660 del
1880 1628 1964 1660 ditto

1126 1681 1309 1723 magnifico
1327 1681 1442 1723 gignor
1459 1683 1583 1713 mesier
1600 1683 1795 1713 Francesco
1822 1693 1881 1723 per
1898 1692 1964 1712 me-

1126 1735 1193 1766 sier
1209 1735 1242 1766 lo
1259 1746 1349 1777 papa
1368 1736 1401 1767 fo
1421 1735 1549 1766 orden&
1575 1736 1605 1766 al
1630 1736 1778 1766 vescovit
1796 1737 1838 1767 de
1863 1736 1966 1767 Pava.

1217 1842 1290 1873 21'4.
1326 1861 1359 1864 —
1395 1842 1479 1872 Item
1514 1852 1603 1873 auno
1635 1848 1753 1878 &essm
1786 1842 1841 1873 del
1875 1853 1967 1873 mese

1127 1896 1293 1939 d‘agost0‚
1323 1896 1477 1926 vacando
1502 1895 1533 1925 el
1558 1896 1698 1937 general
1724 1894 1756 1926 di
1777 1896 1839 1926 fra'
1858 1895 1966 1927 Here-

1126 1950 1245 1981 mitani
1269 1961 1287 1980 a
1319 1949 1425 1985 pava,
1458 1950 1494 1980 fo
1520 1948 1707 1980 celebracio
1732 1949 1882 1990 capitolo
1906 1959 1949 1990 ge

1128 2004 1256 2041 nerale,
1280 2004 1314 2034 in
1341 2003 1373 2033 lo
1398 2003 1476 2044 qual
1503 2002 1653 2042 capitolo
1678 2002 1713 2032 fo
1730 2001 1869 2032 ventitri
1886 2002 1967 2033 mai-

1126 2057 1183 2088 stri
1212 2056 1426 2094 cathedram,
1462 2061 1495 2086 et
1530 2055 1565 2085 fo
1601 2055 1712 2086 electo
1745 2055 1884 2096 general
1924 2056 1967 2086 de

1127 2110 1280 2141 l'ordene
1307 2110 1358 2140 fra
1384 2109 1515 2140 Mathio
1536 2108 1702 2144 cl'Ascoli,
1721 2109 1822 2139 homo
1837 2110 1966 2140 ornado

1127 2163 1171 2194 de
1195 2163 1344 2194 sciencia
1378 2169 1410 2193 et
1444 2163 1485 2193 de
1519 2162 1671 2193 costumi.
1719 2161 1762 2192 Al
1788 2162 1865 2203 qual
1891 2167 1925 2192 et
1950 2173 1966 2192 a

1128 2222 1213 2248 tutto
1238 2216 1258 2246 ’l
1284 2216 1434 2257 capitolo
1458 2216 1489 2246 el
1514 2215 1694 2256 magnifico
1712 2215 1828 2256 siguor
1844 2214 1969 2245 mesier

1129 2272 1326 2303 Francesco
1352 2271 1395 2302 da
1420 2269 1567 2300 Carrara
1593 2268 1637 2298 [θ’
1662 2268 1766 2299 molto
1791 2268 1902 2299 honor
1934 2267 1966 2298 in

1128 2324 1276 2356 convivii
1305 2329 1338 2355 et
1365 2323 1445 2354 doni
1467 2328 1500 2352 et
1525 2321 1689 2357 etiandio‚
1705 2320 1966 2363 acompagnado

1129 2379 1161 2409 di
1195 2388 1230 2407 so
1262 2377 1366 2407 nobili
1398 2382 1431 2406 et
1463 2375 1660 2411 cliavalieri‚
1686 2374 1777 2405 volse
1811 2385 1903 2405 esser
1935 2375 1967 2405 ai

1128 2443 1164 2463 so
1189 2431 1335 2462 sermoni
1362 2436 1394 2461 et
1417 2428 1648 2469 disputacion.

1219 2855 1289 2885 215.
1324 2872 1363 2875 —-
1397 2854 1434 2884 In
1466 2853 1558 2884 mille
1595 2859 1745 2884 tresento
1782 2853 1967 2893 cinqunnta

1130 2920 1227 2945 uox-e,
1246 2908 1298 2937 asli
1318 2907 1495 2938 vintinooe
1516 2907 1558 2937 de
1577 2916 1684 2947 muco,
1704 2916 1802 2936 ceren
1824 2906 1851 2935 el
1871 2916 1967 2947 meco
