2422 3684
45 932 82 963 10

44 1195 80 1227 15

43 1505 84 1535 20

40 2038 81 2068 30

42 2302 82 2335 35

457 243 627 280 GESTA
657 240 959 281 MAGNIFICA
988 245 1170 280 DOMUS
1200 243 1591 280 CARRARIENSIS
1891 247 1933 281 (Jl

198 376 257 409 179
282 375 382 418 [229]
407 393 451 399 —-
472 374 605 406 Eodem
630 385 732 411 anno,
763 376 807 406 de
839 387 954 407 mense
988 376 1080 412 maii,
1114 376 1281 408 existente
1312 376 1427 417 legato
1461 375 1590 413 Padue,
1624 377 1794 409 Henricus
1826 389 1942 409 comes

104 428 242 460 Goricie
257 429 277 470 ¹,
304 429 526 471 magnificam
552 428 725 459 dominam
751 428 920 471 Ciholam,
948 428 1058 460 filiam
1084 430 1264 471 magnifici
1282 429 1401 461 Iacobi
1421 429 1464 460 de
1482 427 1656 467 Carraria,
1675 430 1738 461 sibi
1757 430 1945 472 desponsa—

104 480 151 511 vit
173 490 325 511 utoren.
373 478 463 516 Qst,
488 479 544 510 die
569 487 635 509 vm
663 479 749 515 iulii,
776 480 969 511 honorifice
995 486 1029 511 et
1047 480 1237 522 magnifice
1255 480 1386 511 sociata
1404 479 1621 520 hospitatura
1638 480 1699 512 ivit
1716 480 1940 519 Citadellam3

106 533 245 572 deinde,
270 544 329 574 per
353 532 565 564 cadubrium
593 531 776 569 transiens,
808 533 1008 573 supervenit
1041 533 1226 565 Livicium.
1273 533 1355 564 Post
1379 543 1462 565 vero
1491 544 1634 575 parvum
1669 539 1814 575 tempus,
1848 535 1942 566 nullo

108 586 232 618 relicto
258 586 344 624 filio,
367 585 458 617 diem
483 585 606 616 clausit
629 591 829 616 extremum.

198 676 256 706 18)
281 675 382 716 [230].
406 691 449 697 —-
474 674 605 705 Eodem
630 684 732 711 anno,
758 675 799 705 de
825 686 941 706 mense
966 676 1171 712 decembris,
1197 676 1353 707 marchio
1387 675 1662 708 Montisferrati²
1694 676 1799 707 solius
1821 677 1943 708 solacii

106 737 210 759 causa
234 727 354 758 Padue
379 727 454 763 fuit,
480 736 580 768 quem
607 726 643 757 in
667 727 811 767 proprio
836 727 939 759 domo
963 728 997 758 in
1020 729 1201 765 conviviis,
1226 728 1365 760 solaciis
1397 734 1431 759 et
1455 729 1556 760 donis
1579 728 1732 769 predicti
1759 729 1943 771 magnifici

107 781 237 813 domini
261 781 305 812 de
329 780 491 812 Carraria
520 779 784 822 magnanimiter
807 787 1030 821 receperunt.

199 877 253 908 181
281 876 379 917 [231].
405 894 446 899 ‡—
470 876 573 907 Anno
606 875 735 907 domini
766 876 1077 915 MCCCXLVIIH,
1110 878 1161 908 vir
1185 878 1349 920 egregius
1374 877 1513 910 Ulricus
1538 879 1581 910 de
1605 878 1720 915 Valse‚
1744 879 1946 921 capitaneus

106 930 236 962 Stirie3
261 936 295 961 et
319 930 414 961 filius
438 930 555 971 magni
579 929 700 966 Ulriei,
725 930 783 970 qui
800 935 968 970 tempore,
986 941 1053 971 quo
1079 932 1237 963 dominus
1254 932 1359 963 Canis
1376 932 1530 963 Paduam
1553 932 1746 969 obsidebat,
1766 943 1842 963 cum
1860 943 1944 975 gen-

106 984 196 1015 tibus
219 983 287 1014 suis
312 983 440 1014 auxilio
464 981 729 1024 magnificorum
754 981 970 1013 dominorum
996 984 1038 1015 de
1064 984 1226 1015 Carraria
1250 985 1403 1016 Paduam
1429 984 1597 1023 liberavit,
1614 986 1657 1016 de
1674 985 1788 1016 Roma
1805 987 1946 1017 rediens

107 1047 126 1068 a
149 1035 352 1067 visitacione
370 1041 566 1066 sauctorum
585 1035 679 1066 Petri
696 1041 730 1065 et
747 1034 856 1072 Pauli,
875 1035 1026 1066 Paduam
1044 1037 1185 1068 intravit
1201 1037 1321 1078 ibique
1339 1047 1416 1068 cum
1434 1038 1635 1080 magnificis
1652 1038 1798 1069 dominis
1816 1039 1945 1070 Iacobo

105 1095 140 1120 et
163 1088 327 1120 Iacobino
353 1087 505 1129 pascalia
529 1088 618 1118 festa
642 1087 842 1118 celebravit.
888 1087 981 1119 Inter
1004 1100 1088 1130 quos
1119 1090 1224 1120 multa
1255 1090 1397 1121 fuerunt
1428 1090 1472 1121 de
1505 1091 1682 1131 preteritis
1713 1091 1888 1132 colloquia
1913 1097 1947 1122 et

109 1141 275 1183 precipue
301 1142 345 1172 de
368 1141 491 1172 audaci
515 1141 646 1172 milicia
671 1141 800 1172 domini
818 1141 968 1180 Nicoiai‚
992 1143 1098 1182 patris
1122 1142 1360 1183 predictorum
1379 1144 1608 1180 dominorum,
1625 1154 1727 1186 quem
1745 1144 1946 1181 Federicus,

106 1195 344 1227 Romanorum
368 1205 439 1230 rex,
464 1194 685 1225 militaverat.
732 1194 866 1225 Deinde
883 1205 903 1225 a
918 1195 1085 1236 predictis
1108 1195 1266 1232 dominis,
1283 1196 1396 1228 multis
1412 1196 1563 1237 receptis
1579 1197 1788 1234 muneribus,
1812 1198 1845 1228 in
1864 1198 1947 1229 Ale-

106 1249 254 1279 maniam
279 1247 460 1290 equitavit.

198 1344 258 1375 182
283 1343 382 1384 [232J.
409 1361 447 1366 —
471 1342 688 1385 Magnificus
720 1343 866 1375 lacobus
897 1343 941 1375 de
973 1344 1148 1382 Carraria,
1180 1345 1231 1376 vir
1266 1345 1393 1386 probus
1424 1351 1459 1376 et
1486 1345 1604 1384 iustus,
1637 1346 1725 1378 adeo
1751 1347 1818 1378 fuit
1850 1348 1948 1389 pacis

108 1403 241 1430 amator
253 1398 275 1436 ⁴,
300 1397 394 1439 quod
428 1398 623 1429 Ferrariam
654 1399 705 1428 ire
737 1398 897 1440 dignatus
927 1404 978 1429 est
1009 1405 1045 1429 ut
1077 1408 1152 1429 cum
1186 1399 1386 1431 marchione
1418 1399 1600 1441 Oppicone
1633 1411 1755 1441 pacem
1788 1402 1943 1434 haberet.

107 1451 172 1482 Ivit
197 1451 324 1483 deinde
350 1449 536 1488 Veronam,
561 1452 664 1489 unde,
687 1461 765 1482 curn
789 1450 918 1492 gaudio
942 1457 1129 1489 revertens,
1154 1462 1270 1483 secum
1289 1453 1385 1483 duxit
1402 1452 1531 1484 Canem
1550 1454 1718 1494 grandem
1736 1455 1811 1486 dela
1831 1453 1946 1493 Scala,

106 1504 217 1536 filium
242 1504 371 1535 domini
397 1503 547 1540 Mastini‚
572 1504 630 1545 qui
655 1504 778 1535 diebus
801 1503 983 1546 aliquibus,
1001 1511 1181 1545 postquam
1200 1504 1317 1536 Padue
1335 1506 1369 1535 in
1387 1504 1573 1537 festivitate
1591 1506 1656 1537 fuit
1672 1507 1822 1539 sociatus
1839 1508 1946 1539 Fran-

108 1557 201 1589 cisco
218 1557 262 1588 de
280 1557 450 1595 Carraria,
474 1556 549 1588 filio
571 1557 721 1598 predicti
739 1557 917 1600 magnifici
935 1557 1064 1594 Iacobi,
1082 1558 1187 1589 rediit
1204 1558 1392 1590 Veronam.
1425 1559 1469 1589 Et
1485 1559 1581 1590 fuere
1598 1559 1757 1600 predicta
1774 1561 1946 1598 MCCCL‚

107 1611 150 1642 de
176 1621 292 1642 mense
317 1610 404 1642 Iulii.
452 1611 503 1641 De
528 1621 644 1642 mense
669 1621 751 1642 vero
776 1610 991 1652 septembris,
1016 1611 1174 1642 dominus
1199 1609 1376 1642 Barnabos
1410 1611 1642 1643 Vicecomes⁵
1672 1624 1814 1645 uxorem
1849 1615 1947 1646 duxit

106 1664 327 1706 magnificam
352 1663 527 1694 dominam
554 1663 738 1706 Reginam,
762 1664 871 1695 filiam
896 1663 1026 1694 domini
1051 1663 1207 1700 Mastini,
1233 1670 1265 1694 et
1291 1664 1449 1695 dominus
1474 1664 1614 1702 Galeaz,
1631 1665 1740 1697 frater
1764 1667 1846 1705 eius,
1863 1679 1948 1699 uxo-

106 1728 179 1748 rem
210 1717 307 1748 duxit
332 1717 533 1751 Blancham.
559 1717 696 1748 comitis
724 1716 899 1748 Sabaudie
929 1727 1091 1748 sororem.
1138 1717 1221 1748 Post
1251 1726 1344 1753 vero,
1377 1717 1420 1748 de
1453 1728 1572 1749 mense
1605 1720 1813 1758 novembris,
1842 1721 1947 1753 Canis

105 1769 247 1812 grandis
270 1780 412 1802 uxorem
439 1770 537 1801 duxit
562 1771 669 1801 filiam
694 1770 879 1809 Lodovici‚
905 1770 1002 1802 ducis
1026 1770 1183 1807 Bavarie‚
1207 1770 1263 1812 qui
1289 1781 1325 1801 se
1350 1770 1587 1802 Romanorum
1612 1782 1731 1813 regem
1762 1775 1947 1807 asserebat.

108 1822 243 1861 Quibus
274 1823 432 1855 omnibus
462 1823 623 1854 interfuit
654 1823 864 1865 magnificus
895 1823 1039 1855 Iacobus
1071 1824 1113 1854 de
1145 1823 1318 1859 Carraria,
1350 1829 1485 1854 ceteros
1509 1830 1689 1866 magnates
1711 1826 1746 1856 in
1766 1834 1945 1868 apparatu,

106 1877 276 1918 expensiS‚
301 1877 469 1908 conviviis
486 1883 519 1907 et
537 1877 736 1908 muneribus
761 1877 947 1908 excellens.
986 1876 1064 1912 Que
1089 1882 1216 1908 cuncta
1234 1867 1268 1907 et
1284 1876 1350 1907 alia
1373 1877 1551 1917 sapienter
1574 1877 1712 1919 agebat,
1736 1885 1772 1910 ut
1788 1880 1946 1913 Paduam

105 1931 238 1972 regiam
261 1930 295 1961 in
319 1930 456 1961 iusticia
479 1936 513 1961 et
536 1940 622 1971 pace
646 1937 810 1962 servaret.
858 1931 902 1962 Et
925 1932 974 1961 sic
1000 1941 1068 1971 pax
1092 1931 1135 1961 ab
1159 1929 1315 1960 omnibus
1339 1930 1540 1961 habebatur.
1578 1932 1639 1962 Set
1656 1937 1751 1962 tante
1769 1934 1849 1974 paci
1866 1935 1948 1966 Gui—

107 1983 239 2014 lielmus
263 1983 305 2014 de
329 1983 490 2014 Carraria
504 1982 527 2021 ⁶,
558 1983 703 2024 spurius,
734 1983 899 2024 obviavit,
931 1984 988 2025 qui
1020 1983 1129 2024 glorie
1155 1983 1250 2024 pacis
1274 1982 1440 2013 Paduane
1464 1983 1661 2021 intendens,
1687 1995 1763 2016 cum
1789 1986 1886 2018 simul
1911 1989 1945 2019 in

104 2038 251 2078 prandio
277 2047 353 2068 cum
378 2037 569 2078 magnifico
595 2037 721 2068 Iacobo
747 2037 838 2069 foret
860 2048 977 2068 secum
1002 2037 1162 2067 simulans
1188 2037 1276 2067 velle
1301 2036 1512 2078 colloquium
1527 2044 1697 2068 secretum
1716 2039 1854 2077 habere,
1872 2042 1947 2072 dia-

105 2090 185 2122 bolo
209 2090 395 2132 instigante
419 2090 594 2128 seductus,
618 2090 790 2122 nobilibus
814 2090 927 2121 multis
951 2090 1151 2127 astantibus,
1175 2090 1368 2130 predictum
1386 2090 1610 2131 magnificum
1628 2091 1791 2122 Iacobum
1809 2093 1948 2126 letifere

108 2143 313 2180 vulneravit,
337 2149 372 2174 et
395 2143 430 2173 in
454 2149 583 2174 tantum
609 2144 1068 2184 mortem‚parvipendendo
1093 2143 1238 2181 vulneri,
1263 2143 1412 2174 instabat
1435 2144 1528 2184 quod
1552 2144 1681 2185 absque
1699 2152 1819 2183 morte,
1844 2158 1945 2189 quam

106 2196 290 2228 videbatur
313 2202 444 2237 optare,
459 2206 479 2226 a
501 2206 649 2237 corpore
675 2197 827 2238 predicti
850 2197 967 2228 Iacobi
993 2207 1056 2238 per
1073 2203 1223 2227 astantes
1239 2197 1317 2227 illos
1334 2207 1402 2227 non
1420 2197 1532 2236 potuit
1550 2196 1663 2227 avelli.
1698 2197 1814 2230 Morte
1831 2207 1945 2232 autem

106 2249 214 2291 ipsius
238 2248 357 2280 Iacobi
382 2250 417 2279 in
438 2250 521 2280 urbe
546 2251 718 2286 nunciata,
744 2256 863 2287 metus,
895 2250 994 2281 dolor
1018 2257 1050 2280 et
1081 2249 1178 2280 fletus
1204 2249 1377 2280 viduatam
1403 2259 1480 2280 mox
1505 2249 1638 2281 invadit
1669 2250 1856 2284 civitatem.
1903 2255 1947 2286 Et

107 2304 175 2334 fuit
197 2302 263 2333 hoc
287 2311 377 2333 anno
402 2303 534 2340 eodem,
559 2303 616 2334 die
641 2303 776 2334 decimo
802 2313 891 2334 nono
917 2303 1124 2337 decembris,
1149 2303 1233 2334 hora
1258 2311 1317 2332 xx.
1366 2302 1444 2333 Post
1462 2312 1558 2339 vero,
1576 2303 1633 2333 die
1650 2313 1739 2340 xxn,
1757 2307 1947 2348 magnifice

106 2356 259 2397 sepultus
281 2355 314 2386 in
340 2355 489 2386 ecclesia
514 2356 622 2386 sancti
646 2355 840 2398 Augustini,
865 2356 913 2387 ibi
936 2356 1084 2387 molliter
1107 2357 1143 2386 in
1167 2365 1253 2397 pace
1279 2355 1438 2396 quiescit.
1487 2354 1694 2387 Monstravit
1718 2364 1798 2388 tunc
1826 2359 1946 2392 Padue

107 2409 255 2450 populus
279 2419 412 2439 merore
437 2418 509 2445 suo,
532 2410 675 2450 planctu
700 2415 733 2440 et
756 2410 911 2441 mesticia
935 2410 1079 2450 aliisque
1104 2408 1294 2450 insignibus
1314 2408 1443 2439 doloris
1468 2419 1569 2450 quam
1594 2419 1675 2451 egre
1700 2417 1842 2442 mortem
1862 2414 1947 2444 tule-

108 2462 151 2493 rit
185 2462 337 2503 parentis
368 2462 525 2493 universe
558 2463 729 2494 civitatisl
759 2463 978 2505 Legaciones
1008 2473 1087 2493 mox
1117 2464 1271 2504 undique
1304 2462 1515 2493 conveniunt
1546 2462 1697 2493 flebilem
1730 2475 1847 2496 casum
1878 2472 1946 2497 tam

106 2515 316 2558 magnanimi
340 2516 456 2547 herois
479 2515 716 2553 lamentantes,
741 2517 795 2547 cui
821 2523 982 2558 quantum
1009 2517 1041 2546 in
1060 2516 1188 2557 populo
1205 2526 1272 2556 pax
1289 2515 1471 2556 placuerit,
1489 2517 1682 2558 prescripte
1700 2517 1807 2559 ipsius
1823 2520 1947 2551 factio-

45 2570 86 2600 40
108 2579 169 2600 nes
193 2574 408 2601 attestantur.

66 2855 80 2882 5

197 2688 222 2712 3.
248 2680 314 2712 ivit]
342 2681 397 2705 fuit
422 2681 445 2705 S
468 2695 501 2698 —
526 2681 549 2705 6.
577 2682 617 2705 Eo
638 2690 714 2706 anno
736 2684 758 2707 S
776 2697 807 2700 —
829 2682 881 2713 7-8.
902 2683 1090 2706 s0111eiis....
1111 2682 1232 2713 prcdicti
1253 2689 1300 2705 om.
1323 2682 1345 2705 8
1363 2690 1375 2704 e
1401 2690 1468 2713 agg.
1489 2682 1563 2705 dom.
1589 2682 1707 2706 Iacobus
1735 2686 1764 2707 et
1793 2684 1944 2709 Iacobinus

112 2736 143 2740 --
166 2730 208 2747 10.
228 2723 302 2746 filius
324 2724 403 2747 illius
423 2725 445 2748 8
464 2738 494 2741 —
520 2731 557 2748 11.
577 2725 610 2748 ab
631 2725 782 2748 obsidione
803 2726 937 2748 liberavit
957 2726 979 2748 S
997 2739 1028 2742 —-
1052 2731 1090 2755 15.
1112 2723 1209 2753 111ilit.1
1232 2724 1336 2747 militia
1363 2724 1438 2747 dono
1465 2724 1647 2748 decoraverat
1674 2728 1696 2749 8
1712 2738 1721 2742 -
1743 2727 1844 2749 deinde
1867 2728 1946 2751 festis

112 2765 259 2789 celebratis
279 2765 302 2790 S
319 2779 327 2782 -
348 2766 462 2797 recept.]
482 2769 600 2790 ornatus
628 2768 649 2791 S
668 2781 698 2784 υ
720 2774 761 2798 25.
781 2768 863 2791 duxit
884 2766 896 2780 *
910 2768 923 2783 *
938 2767 951 2783 *
965 2766 978 2780 *
999 2768 1018 2791 8
1039 2781 1069 2784 --
1091 2772 1131 2790 20.
1153 2767 1283 2790 omuibus
1304 2767 1348 2789 his
1369 2767 1479 2796 nuptiis
1509 2768 1531 2791 S
1557 2779 1588 2783 -
1617 2768 1658 2791 28.
1680 2769 1784 2799 regiam
1805 2778 1852 2793 om.
1873 2772 1896 2793 8
1917 2784 1945 2787 —

112 2814 153 2839 29.
173 2807 292 2839 intend]
307 2809 439 2832 invidens
455 2809 477 2833 8
495 2823 526 2826 -
546 2816 588 2840 31.
604 2810 782 2841 magnificum
803 2819 850 2834 om.
871 2810 892 2832 S
911 2823 942 2827 —
963 2816 1005 2841 35.
1025 2809 1135 2832 decimo
1157 2817 1232 2831 nono
1253 2817 1300 2832 om.
1320 2808 1342 2830 S
1361 2821 1392 2825 —
1413 2807 1454 2839 36.
1475 2811 1595 2834 monstr.
1615 2812 1706 2834 autem
1728 2813 1794 2835 tunc
1815 2811 1837 2835 S
1856 2824 1885 2827 ——
1905 2818 1947 2843 37.

111 2848 203 2883 quam]
223 2851 273 2881 qui
292 2851 315 2875 S
332 2865 364 2870 —
384 2858 425 2883 39.
446 2852 545 2883 cuique
566 2854 677 2876 tantum
699 2853 721 2877 S
739 2866 747 2870 -
767 2853 894 2885 predicte
914 2852 937 2876 S

200 2937 205 2952 ¹
228 2939 363 2968 Comus..
387 2939 525 2970 Chronica,
546 2940 580 2969 X,
599 2947 623 2971 3.
1143 2942 1153 2957 ⁴
1174 2940 1308 2968 Comus„
1330 2941 1469 2971 Chronica,
1490 2940 1522 2971 X,
1544 2949 1569 2972 4.

199 2979 208 2994 ²
227 2981 362 3009 Comus..
386 2982 526 3011 Chronica,
546 2982 580 3011 X,
603 2989 626 3008 x.
1143 2980 1153 2994 ⁵
1173 2982 1311 3010 Coa'rus„
1333 2981 1472 3011 Chronica,
1491 2983 1525 3011 X,
1545 2991 1569 3014 4.

197 3020 208 3038 ³
227 3023 362 3052 CORTUS„
385 3025 522 3055 Chronica,
543 3024 578 3053 X,
600 3030 622 3048 2.
1145 3021 1155 3038 ⁶
1174 3024 1309 3056 Conrns„
1333 3025 1472 3054 Chronica,
1494 3026 1530 3057 X,
1550 3034 1574 3057 4.

1978 2995 2009 3013 10
