<?xml version="1.0" encoding="UTF-8"?>
<!DOCTYPE html PUBLIC "-//W3C//DTD XHTML 1.0 Transitional//EN"
    "http://www.w3.org/TR/xhtml1/DTD/xhtml1-transitional.dtd">
<html xmlns="http://www.w3.org/1999/xhtml" xml:lang="en" lang="en">
 <head>
  <title>
</title>
<meta http-equiv="Content-Type" content="text/html;charset=utf-8" />
  <meta name='ocr-system' content='tesseract 3.04.00' />
  <meta name='ocr-capabilities' content='ocr_page ocr_carea ocr_par ocr_line ocrx_word'/>
</head>
<body>
  <div class='ocr_page' id='page_1' title='image "./p1f11rerumitalica17murauoft_0131.png"; bbox 0 0 2422 3684; ppageno 0'>
   <div class='ocr_carea' id='block_1_1' title="bbox 61 886 98 916">
    <p class='ocr_par' dir='ltr' id='par_1_1' title="bbox 61 886 98 916">
     <span class='ocr_line' id='line_1_1' title="bbox 61 886 98 916; baseline 0 0"><span class='ocrx_word' id='word_1_1' title='bbox 61 886 98 916; x_wconf 89' lang='lat'>10</span> 
     </span>
    </p>
   </div>
   <div class='ocr_carea' id='block_1_2' title="bbox 60 1240 96 1272">
    <p class='ocr_par' dir='ltr' id='par_1_2' title="bbox 60 1240 96 1272">
     <span class='ocr_line' id='line_1_2' title="bbox 60 1240 96 1272; baseline 0 0"><span class='ocrx_word' id='word_1_2' title='bbox 60 1240 96 1272; x_wconf 84' lang='lat'>15</span> 
     </span>
    </p>
   </div>
   <div class='ocr_carea' id='block_1_3' title="bbox 58 1508 99 1538">
    <p class='ocr_par' dir='ltr' id='par_1_3' title="bbox 58 1508 99 1538">
     <span class='ocr_line' id='line_1_3' title="bbox 58 1508 99 1538; baseline 0 0"><span class='ocrx_word' id='word_1_3' title='bbox 58 1508 99 1538; x_wconf 89' lang='lat'>20</span> 
     </span>
    </p>
   </div>
   <div class='ocr_carea' id='block_1_4' title="bbox 60 1774 99 1805">
    <p class='ocr_par' dir='ltr' id='par_1_4' title="bbox 60 1774 99 1805">
     <span class='ocr_line' id='line_1_4' title="bbox 60 1774 99 1805; baseline 0 0"><span class='ocrx_word' id='word_1_4' title='bbox 60 1774 99 1805; x_wconf 88' lang='lat'>25</span> 
     </span>
    </p>
   </div>
   <div class='ocr_carea' id='block_1_5' title="bbox 62 2042 103 2072">
    <p class='ocr_par' dir='ltr' id='par_1_5' title="bbox 62 2042 103 2072">
     <span class='ocr_line' id='line_1_5' title="bbox 62 2042 103 2072; baseline 0 0"><span class='ocrx_word' id='word_1_5' title='bbox 62 2042 103 2072; x_wconf 82' lang='lat'>30</span> 
     </span>
    </p>
   </div>
   <div class='ocr_carea' id='block_1_6' title="bbox 61 2306 102 2340">
    <p class='ocr_par' dir='ltr' id='par_1_6' title="bbox 61 2306 102 2340">
     <span class='ocr_line' id='line_1_6' title="bbox 61 2306 102 2340; baseline -0.049 0"><span class='ocrx_word' id='word_1_6' title='bbox 61 2306 102 2340; x_wconf 88' lang='grc'>35</span> 
     </span>
    </p>
   </div>
   <div class='ocr_carea' id='block_1_7' title="bbox 71 3021 103 3038">
    <p class='ocr_par' dir='ltr' id='par_1_7' title="bbox 71 3021 103 3038">
     <span class='ocr_line' id='line_1_7' title="bbox 71 3021 103 3038; baseline 0 0"><span class='ocrx_word' id='word_1_7' title='bbox 71 3021 103 3038; x_wconf 81' lang='lat'>10</span> 
     </span>
    </p>
   </div>
   <div class='ocr_carea' id='block_1_8' title="bbox 446 233 1955 270">
    <p class='ocr_par' dir='ltr' id='par_1_8' title="bbox 446 233 1955 270">
     <span class='ocr_line' id='line_1_8' title="bbox 446 233 1955 270; baseline -0.001 -1"><span class='ocrx_word' id='word_1_8' title='bbox 446 233 618 269; x_wconf 74' lang='lat' dir='ltr'>GESTA</span> <span class='ocrx_word' id='word_1_9' title='bbox 647 233 954 269; x_wconf 80' lang='lat' dir='ltr'><strong>MAGNIFICA</strong></span> <span class='ocrx_word' id='word_1_10' title='bbox 982 234 1166 270; x_wconf 80' lang='lat' dir='ltr'>DOMUS</span> <span class='ocrx_word' id='word_1_11' title='bbox 1196 233 1584 269; x_wconf 78' lang='lat' dir='ltr'>CARRARIENSIS</span> <span class='ocrx_word' id='word_1_12' title='bbox 1909 233 1955 267; x_wconf 69' lang='lat'>59</span> 
     </span>
    </p>
   </div>
   <div class='ocr_carea' id='block_1_9' title="bbox 119 364 1961 836">
    <p class='ocr_par' dir='ltr' id='par_1_9' title="bbox 119 364 1961 836">
     <span class='ocr_line' id='line_1_9' title="bbox 119 364 1958 408; baseline -0.001 -13"><span class='ocrx_word' id='word_1_13' title='bbox 119 375 199 396; x_wconf 84' lang='lat' dir='ltr'>mox</span> <span class='ocrx_word' id='word_1_14' title='bbox 223 365 324 397; x_wconf 84' lang='lat' dir='ltr'>duxit</span> <span class='ocrx_word' id='word_1_15' title='bbox 348 366 536 398; x_wconf 84' lang='lat' dir='ltr'>exercitum</span> <span class='ocrx_word' id='word_1_16' title='bbox 561 366 760 408; x_wconf 48' lang='lat' dir='ltr'>Romanum,</span> <span class='ocrx_word' id='word_1_17' title='bbox 785 367 953 399; x_wconf 79' lang='lat' dir='ltr'>destruxit</span> <span class='ocrx_word' id='word_1_18' title='bbox 976 374 1091 408; x_wconf 82' lang='lat' dir='ltr'>partes</span> <span class='ocrx_word' id='word_1_19' title='bbox 1108 367 1185 398; x_wconf 86' lang='lat' dir='ltr'>illas</span> <span class='ocrx_word' id='word_1_20' title='bbox 1202 367 1372 398; x_wconf 78' lang='lat' dir='ltr'>hostiliter</span> <span class='ocrx_word' id='word_1_21' title='bbox 1389 367 1589 398; x_wconf 83' lang='lat' dir='ltr'>circuendo.</span> <span class='ocrx_word' id='word_1_22' title='bbox 1624 365 1755 406; x_wconf 73' lang='lat' dir='ltr'>Sicque</span> <span class='ocrx_word' id='word_1_23' title='bbox 1780 364 1823 395; x_wconf 89' lang='lat' dir='ltr'>de</span> <span class='ocrx_word' id='word_1_24' title='bbox 1841 373 1958 395; x_wconf 86' lang='lat' dir='ltr'>mense</span> 
     </span>
     <span class='ocr_line' id='line_1_10' title="bbox 120 417 1960 462; baseline -0.001 -14"><span class='ocrx_word' id='word_1_25' title='bbox 120 417 199 448; x_wconf 90' lang='lat' dir='ltr'>maii</span> <span class='ocrx_word' id='word_1_26' title='bbox 224 418 352 455; x_wconf 88' lang='lat' dir='ltr'>Feltre,</span> <span class='ocrx_word' id='word_1_27' title='bbox 378 418 584 455; x_wconf 85' lang='lat' dir='ltr'>Cividatum‚</span> <span class='ocrx_word' id='word_1_28' title='bbox 612 419 733 450; x_wconf 87' lang='lat' dir='ltr'>Rocha</span> <span class='ocrx_word' id='word_1_29' title='bbox 757 417 878 451; x_wconf 80' lang='lat' dir='ltr'>Sancti</span> <span class='ocrx_word' id='word_1_30' title='bbox 904 421 1069 457; x_wconf 89' lang='lat' dir='ltr'>Victoris,</span> <span class='ocrx_word' id='word_1_31' title='bbox 1094 420 1374 462; x_wconf 80' lang='lat' dir='ltr'>Bondestagnum</span> <span class='ocrx_word' id='word_1_32' title='bbox 1399 430 1475 451; x_wconf 88' lang='lat' dir='ltr'>cum</span> <span class='ocrx_word' id='word_1_33' title='bbox 1501 417 1675 449; x_wconf 86' lang='lat' dir='ltr'>Cadubrio</span> <span class='ocrx_word' id='word_1_34' title='bbox 1694 419 1737 448; x_wconf 82' lang='lat' dir='ltr'>ad</span> <span class='ocrx_word' id='word_1_35' title='bbox 1757 429 1816 448; x_wconf 84' lang='lat' dir='ltr'>sua</span> <span class='ocrx_word' id='word_1_36' title='bbox 1839 427 1875 448; x_wconf 89' lang='lat' dir='ltr'>se</span> <span class='ocrx_word' id='word_1_37' title='bbox 1900 417 1960 447; x_wconf 87' lang='lat' dir='ltr'>de-</span> 
     </span>
     <span class='ocr_line' id='line_1_11' title="bbox 119 464 1958 515; baseline -0.001 -14"><span class='ocrx_word' id='word_1_38' title='bbox 119 470 204 501; x_wconf 83' lang='lat' dir='ltr'>dere</span> <span class='ocrx_word' id='word_1_39' title='bbox 229 473 400 510; x_wconf 87' lang='lat' dir='ltr'>mandata,</span> <span class='ocrx_word' id='word_1_40' title='bbox 425 464 651 504; x_wconf 87' lang='lat' dir='ltr'>Theotonicis</span> <span class='ocrx_word' id='word_1_41' title='bbox 674 472 795 513; x_wconf 84' lang='lat' dir='ltr'>captis,</span> <span class='ocrx_word' id='word_1_42' title='bbox 821 474 877 515; x_wconf 92' lang='lat' dir='ltr'>qui</span> <span class='ocrx_word' id='word_1_43' title='bbox 903 473 979 505; x_wconf 85' lang='lat' dir='ltr'>loca</span> <span class='ocrx_word' id='word_1_44' title='bbox 1002 474 1078 515; x_wconf 88' lang='lat' dir='ltr'>ipsa</span> <span class='ocrx_word' id='word_1_45' title='bbox 1102 484 1166 514; x_wconf 91' lang='lat' dir='ltr'>pro</span> <span class='ocrx_word' id='word_1_46' title='bbox 1198 473 1444 515; x_wconf 79' lang='lat' dir='ltr'>Hengelmario</span> <span class='ocrx_word' id='word_1_47' title='bbox 1476 472 1519 503; x_wconf 92' lang='lat' dir='ltr'>de</span> <span class='ocrx_word' id='word_1_48' title='bbox 1552 471 1753 503; x_wconf 84' lang='lat' dir='ltr'>Villandres</span> <span class='ocrx_word' id='word_1_49' title='bbox 1785 469 1958 502; x_wconf 89' lang='lat' dir='ltr'>custodie-</span> 
     </span>
     <span class='ocr_line' id='line_1_12' title="bbox 119 523 1960 565; baseline -0.002 -10"><span class='ocrx_word' id='word_1_50' title='bbox 119 523 212 556; x_wconf 89' lang='lat' dir='ltr'>bant.</span> <span class='ocrx_word' id='word_1_51' title='bbox 262 526 310 556; x_wconf 88' lang='lat' dir='ltr'>De</span> <span class='ocrx_word' id='word_1_52' title='bbox 336 537 451 557; x_wconf 85' lang='lat' dir='ltr'>mense</span> <span class='ocrx_word' id='word_1_53' title='bbox 476 536 558 557; x_wconf 92' lang='lat' dir='ltr'>vero</span> <span class='ocrx_word' id='word_1_54' title='bbox 582 525 655 556; x_wconf 89' lang='lat' dir='ltr'>iulii</span> <span class='ocrx_word' id='word_1_55' title='bbox 678 525 813 557; x_wconf 76' lang='lat' dir='ltr'>Xiclius</span> <span class='ocrx_word' id='word_1_56' title='bbox 839 527 881 557; x_wconf 84' lang='lat' dir='ltr'>de</span> <span class='ocrx_word' id='word_1_57' title='bbox 909 526 1113 559; x_wconf 90' lang='lat' dir='ltr'>Caldinacio</span> <span class='ocrx_word' id='word_1_58' title='bbox 1138 528 1306 559; x_wconf 83' lang='lat' dir='ltr'>obediens</span> <span class='ocrx_word' id='word_1_59' title='bbox 1332 527 1367 558; x_wconf 81' lang='lat' dir='ltr'>fit</span> <span class='ocrx_word' id='word_1_60' title='bbox 1392 526 1524 558; x_wconf 89' lang='lat' dir='ltr'>eidem:</span> <span class='ocrx_word' id='word_1_61' title='bbox 1543 532 1602 561; x_wconf 85' lang='lat' dir='ltr'>set,</span> <span class='ocrx_word' id='word_1_62' title='bbox 1621 535 1696 556; x_wconf 91' lang='lat' dir='ltr'>cum</span> <span class='ocrx_word' id='word_1_63' title='bbox 1720 525 1790 565; x_wconf 87' lang='lat' dir='ltr'>ipse</span> <span class='ocrx_word' id='word_1_64' title='bbox 1810 523 1960 554; x_wconf 75' lang='lat' dir='ltr'>Karolus</span> 
     </span>
     <span class='ocr_line' id='line_1_13' title="bbox 121 575 1961 622; baseline -0.001 -15"><span class='ocrx_word' id='word_1_65' title='bbox 121 584 210 608; x_wconf 85' lang='lat' dir='ltr'>esset</span> <span class='ocrx_word' id='word_1_66' title='bbox 232 579 267 609; x_wconf 89' lang='lat' dir='ltr'>in</span> <span class='ocrx_word' id='word_1_67' title='bbox 292 585 384 610; x_wconf 88' lang='lat' dir='ltr'>terra</span> <span class='ocrx_word' id='word_1_68' title='bbox 408 579 525 616; x_wconf 87' lang='lat' dir='ltr'>Feltri‚</span> <span class='ocrx_word' id='word_1_69' title='bbox 543 579 754 620; x_wconf 57' lang='lat' dir='ltr'>magrnificus</span> <span class='ocrx_word' id='word_1_70' title='bbox 778 579 924 611; x_wconf 88' lang='lat' dir='ltr'>Iacobus</span> <span class='ocrx_word' id='word_1_71' title='bbox 950 581 993 611; x_wconf 89' lang='lat' dir='ltr'>de</span> <span class='ocrx_word' id='word_1_72' title='bbox 1012 580 1173 612; x_wconf 83' lang='lat' dir='ltr'>Carraria</span> <span class='ocrx_word' id='word_1_73' title='bbox 1190 581 1232 612; x_wconf 84' lang='lat' dir='ltr'>ab</span> <span class='ocrx_word' id='word_1_74' title='bbox 1249 581 1326 622; x_wconf 88' lang='lat' dir='ltr'>ipso</span> <span class='ocrx_word' id='word_1_75' title='bbox 1344 586 1486 611; x_wconf 84' lang='lat' dir='ltr'>vocatus</span> <span class='ocrx_word' id='word_1_76' title='bbox 1505 580 1547 610; x_wconf 88' lang='lat' dir='ltr'>ad</span> <span class='ocrx_word' id='word_1_77' title='bbox 1565 589 1641 609; x_wconf 86' lang='lat' dir='ltr'>eum</span> <span class='ocrx_word' id='word_1_78' title='bbox 1659 577 1846 618; x_wconf 68' lang='lat' dir='ltr'>magnifice</span> <span class='ocrx_word' id='word_1_79' title='bbox 1865 575 1961 616; x_wconf 84' lang='lat' dir='ltr'>equi-</span> 
     </span>
     <span class='ocr_line' id='line_1_14' title="bbox 120 629 1959 675; baseline -0.002 -14"><span class='ocrx_word' id='word_1_80' title='bbox 120 631 213 663; x_wconf 83' lang='lat' dir='ltr'>tavit.</span> <span class='ocrx_word' id='word_1_81' title='bbox 260 633 338 664; x_wconf 81' lang='lat' dir='ltr'>Rex</span> <span class='ocrx_word' id='word_1_82' title='bbox 362 632 407 663; x_wconf 89' lang='lat' dir='ltr'>ibi</span> <span class='ocrx_word' id='word_1_83' title='bbox 432 632 619 673; x_wconf 73' lang='lat' dir='ltr'>magnifico</span> <span class='ocrx_word' id='word_1_84' title='bbox 645 632 772 663; x_wconf 81' lang='lat' dir='ltr'>lacobo</span> <span class='ocrx_word' id='word_1_85' title='bbox 798 639 913 672; x_wconf 61' lang='lat' dir='ltr'>grates</span> <span class='ocrx_word' id='word_1_86' title='bbox 937 634 1007 675; x_wconf 76' lang='lat' dir='ltr'>egit</span> <span class='ocrx_word' id='word_1_87' title='bbox 1032 635 1075 665; x_wconf 87' lang='lat' dir='ltr'>de</span> <span class='ocrx_word' id='word_1_88' title='bbox 1099 635 1264 675; x_wconf 82' lang='lat' dir='ltr'>impensis</span> <span class='ocrx_word' id='word_1_89' title='bbox 1287 634 1350 665; x_wconf 87' lang='lat' dir='ltr'>sibi</span> <span class='ocrx_word' id='word_1_90' title='bbox 1374 633 1510 664; x_wconf 80' lang='lat' dir='ltr'>auxiliis</span> <span class='ocrx_word' id='word_1_91' title='bbox 1533 638 1566 663; x_wconf 86' lang='lat' dir='ltr'>et</span> <span class='ocrx_word' id='word_1_92' title='bbox 1591 630 1829 662; x_wconf 76' lang='lat' dir='ltr'>oblacionibus</span> <span class='ocrx_word' id='word_1_93' title='bbox 1846 629 1959 660; x_wconf 88' lang='lat' dir='ltr'>eidem</span> 
     </span>
     <span class='ocr_line' id='line_1_15' title="bbox 120 681 1960 729; baseline -0.002 -15"><span class='ocrx_word' id='word_1_94' title='bbox 120 683 225 715; x_wconf 82' lang='lat' dir='ltr'>factis</span> <span class='ocrx_word' id='word_1_95' title='bbox 248 685 283 715; x_wconf 90' lang='lat' dir='ltr'>in</span> <span class='ocrx_word' id='word_1_96' title='bbox 307 685 468 722; x_wconf 87' lang='lat' dir='ltr'>denariis,</span> <span class='ocrx_word' id='word_1_97' title='bbox 493 685 593 716; x_wconf 86' lang='lat' dir='ltr'>armis</span> <span class='ocrx_word' id='word_1_98' title='bbox 617 691 650 716; x_wconf 83' lang='lat' dir='ltr'>et</span> <span class='ocrx_word' id='word_1_99' title='bbox 675 686 771 726; x_wconf 86' lang='lat' dir='ltr'>equis</span> <span class='ocrx_word' id='word_1_100' title='bbox 799 696 946 728; x_wconf 86' lang='lat' dir='ltr'>eumque</span> <span class='ocrx_word' id='word_1_101' title='bbox 973 688 1119 729; x_wconf 81' lang='lat' dir='ltr'>rogavit,</span> <span class='ocrx_word' id='word_1_102' title='bbox 1145 688 1239 729; x_wconf 87' lang='lat' dir='ltr'>quod</span> <span class='ocrx_word' id='word_1_103' title='bbox 1263 687 1326 718; x_wconf 91' lang='lat' dir='ltr'>sub</span> <span class='ocrx_word' id='word_1_104' title='bbox 1351 698 1411 717; x_wconf 91' lang='lat' dir='ltr'>sua</span> <span class='ocrx_word' id='word_1_105' title='bbox 1436 686 1607 727; x_wconf 88' lang='lat' dir='ltr'>reciperet</span> <span class='ocrx_word' id='word_1_106' title='bbox 1632 683 1851 725; x_wconf 85' lang='lat' dir='ltr'>protectione</span> <span class='ocrx_word' id='word_1_107' title='bbox 1878 681 1960 712; x_wconf 89' lang='lat' dir='ltr'>civi-</span> 
     </span>
     <span class='ocr_line' id='line_1_16' title="bbox 121 734 1960 781; baseline -0.003 -12"><span class='ocrx_word' id='word_1_108' title='bbox 121 742 210 769; x_wconf 85' lang='lat' dir='ltr'>tates</span> <span class='ocrx_word' id='word_1_109' title='bbox 234 743 268 769; x_wconf 86' lang='lat' dir='ltr'>et</span> <span class='ocrx_word' id='word_1_110' title='bbox 283 738 371 774; x_wconf 81' lang='lat' dir='ltr'>loca,</span> <span class='ocrx_word' id='word_1_111' title='bbox 388 749 457 780; x_wconf 90' lang='lat' dir='ltr'>que</span> <span class='ocrx_word' id='word_1_112' title='bbox 473 749 582 780; x_wconf 87' lang='lat' dir='ltr'>nuper</span> <span class='ocrx_word' id='word_1_113' title='bbox 606 738 849 780; x_wconf 79' lang='lat' dir='ltr'>acquisiverat,</span> <span class='ocrx_word' id='word_1_114' title='bbox 865 749 941 770; x_wconf 87' lang='lat' dir='ltr'>curn</span> <span class='ocrx_word' id='word_1_115' title='bbox 959 741 1142 781; x_wconf 76' lang='lat' dir='ltr'>expediret</span> <span class='ocrx_word' id='word_1_116' title='bbox 1164 751 1239 771; x_wconf 87' lang='lat' dir='ltr'>eum</span> <span class='ocrx_word' id='word_1_117' title='bbox 1259 741 1434 772; x_wconf 83' lang='lat' dir='ltr'>Boemiam</span> <span class='ocrx_word' id='word_1_118' title='bbox 1453 739 1610 781; x_wconf 86' lang='lat' dir='ltr'>equitare</span> <span class='ocrx_word' id='word_1_119' title='bbox 1627 747 1782 779; x_wconf 76' lang='lat' dir='ltr'>regnum,</span> <span class='ocrx_word' id='word_1_120' title='bbox 1801 734 1960 776; x_wconf 78' lang='lat' dir='ltr'>accipere</span> 
     </span>
     <span class='ocr_line' id='line_1_17' title="bbox 120 791 1345 836; baseline 0.003 -15"><span class='ocrx_word' id='word_1_121' title='bbox 120 796 310 832; x_wconf 79' lang='lat' dir='ltr'>paternum,</span> <span class='ocrx_word' id='word_1_122' title='bbox 335 791 431 823; x_wconf 84' lang='lat' dir='ltr'>cuius</span> <span class='ocrx_word' id='word_1_123' title='bbox 455 792 625 823; x_wconf 87' lang='lat' dir='ltr'>mandatis</span> <span class='ocrx_word' id='word_1_124' title='bbox 650 802 728 822; x_wconf 84' lang='lat' dir='ltr'>mox</span> <span class='ocrx_word' id='word_1_125' title='bbox 752 792 960 834; x_wconf 80' lang='lat' dir='ltr'>magnificus</span> <span class='ocrx_word' id='word_1_126' title='bbox 985 793 1132 825; x_wconf 84' lang='lat' dir='ltr'>Iacobus</span> <span class='ocrx_word' id='word_1_127' title='bbox 1157 794 1345 836; x_wconf 75' lang='lat' dir='ltr'>acquievit.</span> 
     </span>
    </p>
   </div>
   <div class='ocr_carea' id='block_1_10' title="bbox 121 884 1965 984">
    <p class='ocr_par' dir='ltr' id='par_1_10' title="bbox 121 884 1965 984">
     <span class='ocr_line' id='line_1_18' title="bbox 213 884 1965 928; baseline 0 -12"><span class='ocrx_word' id='word_1_128' title='bbox 213 884 272 919; x_wconf 86' lang='lat'>172</span> <span class='ocrx_word' id='word_1_129' title='bbox 297 886 396 926; x_wconf 83' lang='lat'>[222].</span> <span class='ocrx_word' id='word_1_130' title='bbox 423 903 463 908; x_wconf 85' lang='lat'>—-</span> <span class='ocrx_word' id='word_1_131' title='bbox 489 885 675 917; x_wconf 88' lang='lat' dir='ltr'>Millesimo</span> <span class='ocrx_word' id='word_1_132' title='bbox 699 887 941 917; x_wconf 83' lang='lat' dir='ltr'>trecentesimo</span> <span class='ocrx_word' id='word_1_133' title='bbox 965 887 1144 919; x_wconf 82' lang='lat' dir='ltr'>XLVIIII.</span> <span class='ocrx_word' id='word_1_134' title='bbox 1170 889 1212 919; x_wconf 89' lang='lat' dir='ltr'>de</span> <span class='ocrx_word' id='word_1_135' title='bbox 1238 898 1353 918; x_wconf 86' lang='lat' dir='ltr'>mense</span> <span class='ocrx_word' id='word_1_136' title='bbox 1386 887 1481 924; x_wconf 89' lang='lat' dir='ltr'>iunii,</span> <span class='ocrx_word' id='word_1_137' title='bbox 1512 897 1576 928; x_wconf 89' lang='lat' dir='ltr'>per</span> <span class='ocrx_word' id='word_1_138' title='bbox 1606 886 1833 928; x_wconf 79' lang='lat' dir='ltr'>magnificum</span> <span class='ocrx_word' id='word_1_139' title='bbox 1865 885 1965 916; x_wconf 86' lang='lat' dir='ltr'>Iaco-</span> 
     </span>
     <span class='ocr_line' id='line_1_19' title="bbox 121 939 1413 984; baseline 0.002 -14"><span class='ocrx_word' id='word_1_140' title='bbox 121 939 200 971; x_wconf 90' lang='lat' dir='ltr'>bum</span> <span class='ocrx_word' id='word_1_141' title='bbox 227 940 269 970; x_wconf 91' lang='lat' dir='ltr'>de</span> <span class='ocrx_word' id='word_1_142' title='bbox 294 939 454 970; x_wconf 82' lang='lat' dir='ltr'>Carraria</span> <span class='ocrx_word' id='word_1_143' title='bbox 477 939 619 980; x_wconf 85' lang='lat' dir='ltr'>incepta</span> <span class='ocrx_word' id='word_1_144' title='bbox 643 945 694 970; x_wconf 88' lang='lat' dir='ltr'>est</span> <span class='ocrx_word' id='word_1_145' title='bbox 717 939 936 971; x_wconf 81' lang='lat' dir='ltr'>reedificatio</span> <span class='ocrx_word' id='word_1_146' title='bbox 962 942 1065 971; x_wconf 74' lang='lat' dir='ltr'>castri</span> <span class='ocrx_word' id='word_1_147' title='bbox 1090 941 1132 971; x_wconf 91' lang='lat' dir='ltr'>de</span> <span class='ocrx_word' id='word_1_148' title='bbox 1156 941 1378 984; x_wconf 83' lang='lat' dir='ltr'>Trambaque</span> <span class='ocrx_word' id='word_1_149' title='bbox 1394 940 1413 973; x_wconf 79' lang='lat'>¹.</span> 
     </span>
    </p>
   </div>
   <div class='ocr_carea' id='block_1_11' title="bbox 122 1036 1962 1132">
    <p class='ocr_par' dir='ltr' id='par_1_11' title="bbox 122 1036 1962 1132">
     <span class='ocr_line' id='line_1_20' title="bbox 214 1036 1962 1081; baseline 0.001 -14"><span class='ocrx_word' id='word_1_150' title='bbox 214 1037 273 1070; x_wconf 86' lang='grc'>173</span> <span class='ocrx_word' id='word_1_151' title='bbox 298 1036 399 1077; x_wconf 82' lang='lat'>[223].</span> <span class='ocrx_word' id='word_1_152' title='bbox 424 1055 462 1059; x_wconf 87' lang='lat'><strong>—</strong></span> <span class='ocrx_word' id='word_1_153' title='bbox 489 1037 622 1068; x_wconf 88' lang='lat' dir='ltr'>Eodem</span> <span class='ocrx_word' id='word_1_154' title='bbox 646 1048 749 1074; x_wconf 90' lang='lat' dir='ltr'>anno,</span> <span class='ocrx_word' id='word_1_155' title='bbox 768 1038 810 1069; x_wconf 88' lang='lat' dir='ltr'>de</span> <span class='ocrx_word' id='word_1_156' title='bbox 827 1047 942 1069; x_wconf 89' lang='lat' dir='ltr'>mense</span> <span class='ocrx_word' id='word_1_157' title='bbox 959 1038 1115 1073; x_wconf 83' lang='lat' dir='ltr'>ianuarii,</span> <span class='ocrx_word' id='word_1_158' title='bbox 1132 1045 1279 1070; x_wconf 80' lang='lat' dir='ltr'>castrum</span> <span class='ocrx_word' id='word_1_159' title='bbox 1299 1039 1341 1070; x_wconf 87' lang='lat' dir='ltr'>de</span> <span class='ocrx_word' id='word_1_160' title='bbox 1359 1039 1515 1081; x_wconf 77' lang='lat' dir='ltr'>Percene</span> <span class='ocrx_word' id='word_1_161' title='bbox 1529 1037 1540 1054; x_wconf 78' lang='lat'><strong>²</strong></span> <span class='ocrx_word' id='word_1_162' title='bbox 1557 1039 1673 1069; x_wconf 85' lang='lat' dir='ltr'>datum</span> <span class='ocrx_word' id='word_1_163' title='bbox 1692 1037 1757 1068; x_wconf 81' lang='lat' dir='ltr'>fuit</span> <span class='ocrx_word' id='word_1_164' title='bbox 1773 1037 1962 1080; x_wconf 76' lang='lat' dir='ltr'>magnifico</span> 
     </span>
     <span class='ocr_line' id='line_1_21' title="bbox 122 1089 1345 1132; baseline 0.002 -11"><span class='ocrx_word' id='word_1_165' title='bbox 122 1090 249 1122; x_wconf 84' lang='lat' dir='ltr'>Iacobo</span> <span class='ocrx_word' id='word_1_166' title='bbox 274 1090 318 1122; x_wconf 88' lang='lat' dir='ltr'>de</span> <span class='ocrx_word' id='word_1_167' title='bbox 345 1089 518 1127; x_wconf 88' lang='lat' dir='ltr'>Carraria,</span> <span class='ocrx_word' id='word_1_168' title='bbox 542 1091 636 1132; x_wconf 92' lang='lat' dir='ltr'>quod</span> <span class='ocrx_word' id='word_1_169' title='bbox 659 1096 776 1122; x_wconf 87' lang='lat' dir='ltr'>tamen</span> <span class='ocrx_word' id='word_1_170' title='bbox 801 1091 885 1122; x_wconf 80' lang='lat' dir='ltr'>fecit</span> <span class='ocrx_word' id='word_1_171' title='bbox 910 1101 974 1132; x_wconf 89' lang='lat' dir='ltr'>pro</span> <span class='ocrx_word' id='word_1_172' title='bbox 999 1091 1143 1132; x_wconf 88' lang='lat' dir='ltr'>imperio</span> <span class='ocrx_word' id='word_1_173' title='bbox 1166 1092 1345 1123; x_wconf 90' lang='lat' dir='ltr'>custodiri.</span> 
     </span>
    </p>
   </div>
   <div class='ocr_carea' id='block_1_12' title="bbox 121 1188 1968 2508">
    <p class='ocr_par' dir='ltr' id='par_1_12' title="bbox 121 1188 1968 2508">
     <span class='ocr_line' id='line_1_22' title="bbox 215 1188 1961 1233; baseline 0.001 -15"><span class='ocrx_word' id='word_1_174' title='bbox 215 1188 274 1222; x_wconf 77' lang='lat'>174</span> <span class='ocrx_word' id='word_1_175' title='bbox 300 1188 401 1229; x_wconf 81' lang='lat'>[224].</span> <span class='ocrx_word' id='word_1_176' title='bbox 427 1206 463 1210; x_wconf 78' lang='lat'>--</span> <span class='ocrx_word' id='word_1_177' title='bbox 490 1188 575 1220; x_wconf 88' lang='lat' dir='ltr'>Cum</span> <span class='ocrx_word' id='word_1_178' title='bbox 600 1199 663 1229; x_wconf 89' lang='lat' dir='ltr'>per</span> <span class='ocrx_word' id='word_1_179' title='bbox 685 1194 828 1220; x_wconf 87' lang='lat' dir='ltr'>mortem</span> <span class='ocrx_word' id='word_1_180' title='bbox 854 1189 1139 1220; x_wconf 79' lang='lat' dir='ltr'>reverendissimi</span> <span class='ocrx_word' id='word_1_181' title='bbox 1164 1191 1270 1231; x_wconf 86' lang='lat' dir='ltr'>patris</span> <span class='ocrx_word' id='word_1_182' title='bbox 1287 1191 1418 1221; x_wconf 89' lang='lat' dir='ltr'>domini</span> <span class='ocrx_word' id='word_1_183' title='bbox 1437 1190 1585 1233; x_wconf 80' lang='lat' dir='ltr'>Nicolay</span> <span class='ocrx_word' id='word_1_184' title='bbox 1602 1190 1644 1221; x_wconf 89' lang='lat' dir='ltr'>de</span> <span class='ocrx_word' id='word_1_185' title='bbox 1664 1191 1787 1228; x_wconf 80' lang='lat' dir='ltr'>Bruna,</span> <span class='ocrx_word' id='word_1_186' title='bbox 1807 1189 1961 1230; x_wconf 80' lang='lat' dir='ltr'>episcopi</span> 
     </span>
     <span class='ocr_line' id='line_1_23' title="bbox 121 1241 1962 1285; baseline -0.001 -13"><span class='ocrx_word' id='word_1_187' title='bbox 121 1242 314 1279; x_wconf 80' lang='lat' dir='ltr'>tridentini,</span> <span class='ocrx_word' id='word_1_188' title='bbox 330 1242 488 1282; x_wconf 87' lang='lat' dir='ltr'>predicta</span> <span class='ocrx_word' id='word_1_189' title='bbox 511 1241 674 1273; x_wconf 88' lang='lat' dir='ltr'>Tridenti</span> <span class='ocrx_word' id='word_1_190' title='bbox 700 1242 851 1273; x_wconf 87' lang='lat' dir='ltr'>ecclesia</span> <span class='ocrx_word' id='word_1_191' title='bbox 875 1243 1013 1283; x_wconf 87' lang='lat' dir='ltr'>presule</span> <span class='ocrx_word' id='word_1_192' title='bbox 1037 1249 1187 1279; x_wconf 88' lang='lat' dir='ltr'>vacaret,</span> <span class='ocrx_word' id='word_1_193' title='bbox 1212 1243 1271 1285; x_wconf 88' lang='lat' dir='ltr'>qui</span> <span class='ocrx_word' id='word_1_194' title='bbox 1296 1244 1455 1275; x_wconf 88' lang='lat' dir='ltr'>dominus</span> <span class='ocrx_word' id='word_1_195' title='bbox 1473 1242 1640 1275; x_wconf 79' lang='lat' dir='ltr'>Nicolaus</span> <span class='ocrx_word' id='word_1_196' title='bbox 1657 1244 1759 1285; x_wconf 79' lang='lat' dir='ltr'>longe</span> <span class='ocrx_word' id='word_1_197' title='bbox 1777 1243 1858 1274; x_wconf 89' lang='lat' dir='ltr'>satis</span> <span class='ocrx_word' id='word_1_198' title='bbox 1883 1248 1962 1273; x_wconf 87' lang='lat' dir='ltr'>ante</span> 
     </span>
     <span class='ocr_line' id='line_1_24' title="bbox 122 1295 1963 1338; baseline 0 -12"><span class='ocrx_word' id='word_1_199' title='bbox 122 1296 381 1336; x_wconf 87' lang='lat' dir='ltr'>promocionem</span> <span class='ocrx_word' id='word_1_200' title='bbox 406 1295 515 1336; x_wconf 87' lang='lat' dir='ltr'>ipsius</span> <span class='ocrx_word' id='word_1_201' title='bbox 538 1296 583 1326; x_wconf 89' lang='lat' dir='ltr'>ad</span> <span class='ocrx_word' id='word_1_202' title='bbox 607 1296 845 1336; x_wconf 83' lang='lat' dir='ltr'>episcopatum</span> <span class='ocrx_word' id='word_1_203' title='bbox 870 1296 1093 1327; x_wconf 90' lang='lat' dir='ltr'>tridentinum</span> <span class='ocrx_word' id='word_1_204' title='bbox 1125 1297 1342 1338; x_wconf 73' lang='lat' dir='ltr'>imperatoris</span> <span class='ocrx_word' id='word_1_205' title='bbox 1375 1297 1497 1328; x_wconf 87' lang='lat' dir='ltr'>Karoli</span> <span class='ocrx_word' id='word_1_206' title='bbox 1530 1297 1759 1328; x_wconf 87' lang='lat' dir='ltr'>cancellarius</span> <span class='ocrx_word' id='word_1_207' title='bbox 1790 1297 1905 1327; x_wconf 79' lang='lat' dir='ltr'>fuerat</span> <span class='ocrx_word' id='word_1_208' title='bbox 1929 1302 1963 1327; x_wconf 88' lang='lat' dir='ltr'>et</span> 
     </span>
     <span class='ocr_line' id='line_1_25' title="bbox 123 1349 1964 1390; baseline 0 -11"><span class='ocrx_word' id='word_1_209' title='bbox 123 1358 184 1389; x_wconf 92' lang='lat' dir='ltr'>pro</span> <span class='ocrx_word' id='word_1_210' title='bbox 205 1349 283 1389; x_wconf 92' lang='lat' dir='ltr'>ipso</span> <span class='ocrx_word' id='word_1_211' title='bbox 306 1358 366 1379; x_wconf 87' lang='lat' dir='ltr'>sue</span> <span class='ocrx_word' id='word_1_212' title='bbox 388 1349 504 1380; x_wconf 89' lang='lat' dir='ltr'>mortis</span> <span class='ocrx_word' id='word_1_213' title='bbox 528 1355 684 1389; x_wconf 87' lang='lat' dir='ltr'>tempore</span> <span class='ocrx_word' id='word_1_214' title='bbox 699 1350 742 1381; x_wconf 86' lang='lat' dir='ltr'>de</span> <span class='ocrx_word' id='word_1_215' title='bbox 761 1349 834 1390; x_wconf 86' lang='lat' dir='ltr'>ipsa</span> <span class='ocrx_word' id='word_1_216' title='bbox 851 1349 992 1380; x_wconf 87' lang='lat' dir='ltr'>civitate</span> <span class='ocrx_word' id='word_1_217' title='bbox 1009 1350 1182 1385; x_wconf 88' lang='lat' dir='ltr'>Tridenti,</span> <span class='ocrx_word' id='word_1_218' title='bbox 1201 1357 1314 1381; x_wconf 84' lang='lat' dir='ltr'>castro</span> <span class='ocrx_word' id='word_1_219' title='bbox 1330 1360 1390 1381; x_wconf 88' lang='lat' dir='ltr'>suo</span> <span class='ocrx_word' id='word_1_220' title='bbox 1408 1357 1442 1382; x_wconf 89' lang='lat' dir='ltr'>et</span> <span class='ocrx_word' id='word_1_221' title='bbox 1460 1350 1547 1381; x_wconf 92' lang='lat' dir='ltr'>locis</span> <span class='ocrx_word' id='word_1_222' title='bbox 1563 1350 1725 1382; x_wconf 83' lang='lat' dir='ltr'>subiectis</span> <span class='ocrx_word' id='word_1_223' title='bbox 1742 1349 1964 1390; x_wconf 86' lang='lat' dir='ltr'>imperatorio</span> 
     </span>
     <span class='ocr_line' id='line_1_26' title="bbox 124 1401 1965 1444; baseline -0.001 -12"><span class='ocrx_word' id='word_1_224' title='bbox 124 1402 272 1438; x_wconf 89' lang='lat' dir='ltr'>nomine,</span> <span class='ocrx_word' id='word_1_225' title='bbox 297 1408 458 1443; x_wconf 86' lang='lat' dir='ltr'>tanquam</span> <span class='ocrx_word' id='word_1_226' title='bbox 484 1401 654 1440; x_wconf 83' lang='lat' dir='ltr'>dominus,</span> <span class='ocrx_word' id='word_1_227' title='bbox 678 1413 742 1443; x_wconf 91' lang='lat' dir='ltr'>pro</span> <span class='ocrx_word' id='word_1_228' title='bbox 767 1401 865 1434; x_wconf 89' lang='lat' dir='ltr'>libito</span> <span class='ocrx_word' id='word_1_229' title='bbox 891 1402 1107 1443; x_wconf 86' lang='lat' dir='ltr'>disponebat,</span> <span class='ocrx_word' id='word_1_230' title='bbox 1133 1403 1292 1434; x_wconf 89' lang='lat' dir='ltr'>dominus</span> <span class='ocrx_word' id='word_1_231' title='bbox 1309 1404 1377 1434; x_wconf 84' lang='lat' dir='ltr'>dux</span> <span class='ocrx_word' id='word_1_232' title='bbox 1395 1404 1437 1434; x_wconf 84' lang='lat' dir='ltr'>de</span> <span class='ocrx_word' id='word_1_233' title='bbox 1454 1403 1544 1440; x_wconf 84' lang='lat' dir='ltr'>Tek,</span> <span class='ocrx_word' id='word_1_234' title='bbox 1568 1413 1631 1444; x_wconf 82' lang='lat' dir='ltr'>pro</span> <span class='ocrx_word' id='word_1_235' title='bbox 1651 1401 1965 1444; x_wconf 70' lang='lat' dir='ltr'>Rrademburgensi</span> 
     </span>
     <span class='ocr_line' id='line_1_27' title="bbox 124 1454 1965 1496; baseline 0 -11"><span class='ocrx_word' id='word_1_236' title='bbox 124 1454 324 1486; x_wconf 85' lang='lat' dir='ltr'>marchione</span> <span class='ocrx_word' id='word_1_237' title='bbox 349 1455 496 1486; x_wconf 88' lang='lat' dir='ltr'>vicarius</span> <span class='ocrx_word' id='word_1_238' title='bbox 521 1454 703 1486; x_wconf 80' lang='lat' dir='ltr'>comitatus</span> <span class='ocrx_word' id='word_1_239' title='bbox 719 1455 859 1492; x_wconf 86' lang='lat' dir='ltr'>Tirolis‚</span> <span class='ocrx_word' id='word_1_240' title='bbox 877 1456 919 1486; x_wconf 83' lang='lat' dir='ltr'>ad</span> <span class='ocrx_word' id='word_1_241' title='bbox 937 1456 1210 1496; x_wconf 85' lang='lat' dir='ltr'>occupacionem</span> <span class='ocrx_word' id='word_1_242' title='bbox 1235 1456 1441 1487; x_wconf 87' lang='lat' dir='ltr'>Tridentine</span> <span class='ocrx_word' id='word_1_243' title='bbox 1460 1456 1607 1487; x_wconf 79' lang='lat' dir='ltr'>civitatis</span> <span class='ocrx_word' id='word_1_244' title='bbox 1621 1458 1632 1474; x_wconf 79' lang='lat'>³</span> <span class='ocrx_word' id='word_1_245' title='bbox 1650 1463 1683 1487; x_wconf 91' lang='lat' dir='ltr'>et</span> <span class='ocrx_word' id='word_1_246' title='bbox 1707 1455 1810 1487; x_wconf 85' lang='lat' dir='ltr'>castri</span> <span class='ocrx_word' id='word_1_247' title='bbox 1827 1455 1965 1486; x_wconf 83' lang='lat' dir='ltr'>summis</span> 
     </span>
     <span class='ocr_line' id='line_1_28' title="bbox 124 1507 1964 1551; baseline -0.001 -13"><span class='ocrx_word' id='word_1_248' title='bbox 124 1507 252 1539; x_wconf 90' lang='lat' dir='ltr'>viribus</span> <span class='ocrx_word' id='word_1_249' title='bbox 274 1509 429 1545; x_wconf 87' lang='lat' dir='ltr'>instaret,</span> <span class='ocrx_word' id='word_1_250' title='bbox 454 1508 593 1540; x_wconf 82' lang='lat' dir='ltr'>adiecta</span> <span class='ocrx_word' id='word_1_251' title='bbox 612 1518 725 1545; x_wconf 85' lang='lat' dir='ltr'>causa,</span> <span class='ocrx_word' id='word_1_252' title='bbox 742 1509 836 1551; x_wconf 89' lang='lat' dir='ltr'>quod</span> <span class='ocrx_word' id='word_1_253' title='bbox 853 1509 1046 1540; x_wconf 84' lang='lat' dir='ltr'>advocatus</span> <span class='ocrx_word' id='word_1_254' title='bbox 1064 1510 1155 1540; x_wconf 66' lang='lat' dir='ltr'>foret</span> <span class='ocrx_word' id='word_1_255' title='bbox 1172 1509 1379 1549; x_wconf 78' lang='lat' dir='ltr'>episcopalis</span> <span class='ocrx_word' id='word_1_256' title='bbox 1396 1509 1490 1540; x_wconf 85' lang='lat' dir='ltr'>curie</span> <span class='ocrx_word' id='word_1_257' title='bbox 1509 1509 1683 1545; x_wconf 85' lang='lat' dir='ltr'>Tridenti,</span> <span class='ocrx_word' id='word_1_258' title='bbox 1700 1520 1777 1539; x_wconf 89' lang='lat' dir='ltr'>cum</span> <span class='ocrx_word' id='word_1_259' title='bbox 1796 1519 1836 1539; x_wconf 86' lang='lat' dir='ltr'>ea</span> <span class='ocrx_word' id='word_1_260' title='bbox 1850 1508 1964 1549; x_wconf 85' lang='lat' dir='ltr'>digni-</span> 
     </span>
     <span class='ocr_line' id='line_1_29' title="bbox 124 1561 1962 1603; baseline -0.001 -12"><span class='ocrx_word' id='word_1_261' title='bbox 124 1567 176 1592; x_wconf 86' lang='lat' dir='ltr'>tas</span> <span class='ocrx_word' id='word_1_262' title='bbox 191 1561 236 1592; x_wconf 91' lang='lat' dir='ltr'>ad</span> <span class='ocrx_word' id='word_1_263' title='bbox 256 1562 414 1592; x_wconf 88' lang='lat' dir='ltr'>comitem</span> <span class='ocrx_word' id='word_1_264' title='bbox 439 1568 613 1602; x_wconf 82' lang='lat' dir='ltr'>spectaret</span> <span class='ocrx_word' id='word_1_265' title='bbox 626 1562 766 1599; x_wconf 89' lang='lat' dir='ltr'>Tirolis‚</span> <span class='ocrx_word' id='word_1_266' title='bbox 785 1562 881 1593; x_wconf 88' lang='lat' dir='ltr'>cuius</span> <span class='ocrx_word' id='word_1_267' title='bbox 898 1562 994 1593; x_wconf 89' lang='lat' dir='ltr'>vices</span> <span class='ocrx_word' id='word_1_268' title='bbox 1011 1562 1158 1593; x_wconf 81' lang='lat' dir='ltr'>vicarius</span> <span class='ocrx_word' id='word_1_269' title='bbox 1175 1565 1371 1599; x_wconf 82' lang='lat' dir='ltr'>exercebat,</span> <span class='ocrx_word' id='word_1_270' title='bbox 1390 1562 1557 1603; x_wconf 83' lang='lat' dir='ltr'>huiusque</span> <span class='ocrx_word' id='word_1_271' title='bbox 1576 1562 1759 1594; x_wconf 86' lang='lat' dir='ltr'>conatibus</span> <span class='ocrx_word' id='word_1_272' title='bbox 1778 1561 1962 1602; x_wconf 87' lang='lat' dir='ltr'>capitulum</span> 
     </span>
     <span class='ocr_line' id='line_1_30' title="bbox 126 1614 1964 1657; baseline -0.002 -11"><span class='ocrx_word' id='word_1_273' title='bbox 126 1620 160 1646; x_wconf 83' lang='lat' dir='ltr'>et</span> <span class='ocrx_word' id='word_1_274' title='bbox 183 1615 343 1647; x_wconf 86' lang='lat' dir='ltr'>canonici</span> <span class='ocrx_word' id='word_1_275' title='bbox 366 1621 572 1657; x_wconf 83' lang='lat' dir='ltr'>possetenus</span> <span class='ocrx_word' id='word_1_276' title='bbox 595 1616 774 1647; x_wconf 87' lang='lat' dir='ltr'>obstarent</span> <span class='ocrx_word' id='word_1_277' title='bbox 798 1616 950 1653; x_wconf 87' lang='lat' dir='ltr'>omuino,</span> <span class='ocrx_word' id='word_1_278' title='bbox 975 1622 1175 1646; x_wconf 80' lang='lat' dir='ltr'>recusantes</span> <span class='ocrx_word' id='word_1_279' title='bbox 1199 1616 1404 1647; x_wconf 83' lang='lat' dir='ltr'>Tridentum</span> <span class='ocrx_word' id='word_1_280' title='bbox 1423 1622 1456 1647; x_wconf 89' lang='lat' dir='ltr'>et</span> <span class='ocrx_word' id='word_1_281' title='bbox 1473 1622 1586 1647; x_wconf 82' lang='lat' dir='ltr'>castra</span> <span class='ocrx_word' id='word_1_282' title='bbox 1603 1616 1669 1647; x_wconf 84' lang='lat' dir='ltr'>alia</span> <span class='ocrx_word' id='word_1_283' title='bbox 1686 1616 1809 1646; x_wconf 88' lang='lat' dir='ltr'>iurium</span> <span class='ocrx_word' id='word_1_284' title='bbox 1827 1614 1964 1655; x_wconf 86' lang='lat' dir='ltr'>imperii</span> 
     </span>
     <span class='ocr_line' id='line_1_31' title="bbox 126 1667 1963 1710; baseline -0.001 -12"><span class='ocrx_word' id='word_1_285' title='bbox 126 1667 344 1710; x_wconf 83' lang='lat' dir='ltr'>ecclesieque</span> <span class='ocrx_word' id='word_1_286' title='bbox 367 1668 578 1699; x_wconf 89' lang='lat' dir='ltr'>Tridentine</span> <span class='ocrx_word' id='word_1_287' title='bbox 603 1668 712 1699; x_wconf 90' lang='lat' dir='ltr'>subici</span> <span class='ocrx_word' id='word_1_288' title='bbox 737 1669 866 1700; x_wconf 87' lang='lat' dir='ltr'>debere</span> <span class='ocrx_word' id='word_1_289' title='bbox 892 1669 1052 1709; x_wconf 86' lang='lat' dir='ltr'>predicto</span> <span class='ocrx_word' id='word_1_290' title='bbox 1085 1668 1177 1706; x_wconf 79' lang='lat' dir='ltr'>duci,</span> <span class='ocrx_word' id='word_1_291' title='bbox 1203 1670 1299 1700; x_wconf 82' lang='lat' dir='ltr'>cuius</span> <span class='ocrx_word' id='word_1_292' title='bbox 1321 1669 1482 1710; x_wconf 86' lang='lat' dir='ltr'>potencie</span> <span class='ocrx_word' id='word_1_293' title='bbox 1514 1670 1664 1710; x_wconf 89' lang='lat' dir='ltr'>impares</span> <span class='ocrx_word' id='word_1_294' title='bbox 1696 1669 1854 1700; x_wconf 85' lang='lat' dir='ltr'>canonici</span> <span class='ocrx_word' id='word_1_295' title='bbox 1887 1667 1963 1708; x_wconf 85' lang='lat' dir='ltr'>ipsi,</span> 
     </span>
     <span class='ocr_line' id='line_1_32' title="bbox 126 1721 1962 1764; baseline -0.001 -12"><span class='ocrx_word' id='word_1_296' title='bbox 126 1721 251 1759; x_wconf 83' lang='lat' dir='ltr'>coacti,</span> <span class='ocrx_word' id='word_1_297' title='bbox 275 1723 416 1753; x_wconf 81' lang='lat' dir='ltr'>tandein</span> <span class='ocrx_word' id='word_1_298' title='bbox 439 1721 558 1753; x_wconf 88' lang='lat' dir='ltr'>Iacobi</span> <span class='ocrx_word' id='word_1_299' title='bbox 585 1722 628 1753; x_wconf 89' lang='lat' dir='ltr'>de</span> <span class='ocrx_word' id='word_1_300' title='bbox 660 1721 820 1754; x_wconf 79' lang='lat' dir='ltr'>Carraria</span> <span class='ocrx_word' id='word_1_301' title='bbox 851 1721 1042 1753; x_wconf 87' lang='lat' dir='ltr'>subsidium</span> <span class='ocrx_word' id='word_1_302' title='bbox 1076 1723 1270 1763; x_wconf 84' lang='lat' dir='ltr'>implorant,</span> <span class='ocrx_word' id='word_1_303' title='bbox 1303 1723 1395 1764; x_wconf 88' lang='lat' dir='ltr'>quod</span> <span class='ocrx_word' id='word_1_304' title='bbox 1426 1732 1507 1753; x_wconf 85' lang='lat' dir='ltr'>mox</span> <span class='ocrx_word' id='word_1_305' title='bbox 1539 1723 1736 1763; x_wconf 80' lang='lat' dir='ltr'>petentibus</span> <span class='ocrx_word' id='word_1_306' title='bbox 1769 1721 1962 1753; x_wconf 73' lang='lat' dir='ltr'>adhibetur.</span> 
     </span>
     <span class='ocr_line' id='line_1_33' title="bbox 126 1774 1965 1817; baseline -0.001 -11"><span class='ocrx_word' id='word_1_307' title='bbox 126 1774 293 1806; x_wconf 86' lang='lat' dir='ltr'>Gentibus</span> <span class='ocrx_word' id='word_1_308' title='bbox 315 1776 430 1817; x_wconf 85' lang='lat' dir='ltr'>itaque</span> <span class='ocrx_word' id='word_1_309' title='bbox 455 1775 562 1816; x_wconf 81' lang='lat' dir='ltr'>ipsius</span> <span class='ocrx_word' id='word_1_310' title='bbox 586 1775 703 1807; x_wconf 89' lang='lat' dir='ltr'>Iacobi</span> <span class='ocrx_word' id='word_1_311' title='bbox 730 1776 763 1805; x_wconf 90' lang='lat' dir='ltr'>in</span> <span class='ocrx_word' id='word_1_312' title='bbox 785 1775 957 1806; x_wconf 88' lang='lat' dir='ltr'>Tridento</span> <span class='ocrx_word' id='word_1_313' title='bbox 982 1776 1140 1816; x_wconf 81' lang='lat' dir='ltr'>receptis.</span> <span class='ocrx_word' id='word_1_314' title='bbox 1167 1775 1353 1815; x_wconf 87' lang='lat' dir='ltr'>capitulum</span> <span class='ocrx_word' id='word_1_315' title='bbox 1385 1776 1496 1816; x_wconf 88' lang='lat' dir='ltr'>ipsum</span> <span class='ocrx_word' id='word_1_316' title='bbox 1529 1782 1562 1807; x_wconf 85' lang='lat' dir='ltr'>et</span> <span class='ocrx_word' id='word_1_317' title='bbox 1593 1776 1753 1807; x_wconf 79' lang='lat' dir='ltr'>canonici</span> <span class='ocrx_word' id='word_1_318' title='bbox 1788 1775 1850 1806; x_wconf 83' lang='lat' dir='ltr'>sibi</span> <span class='ocrx_word' id='word_1_319' title='bbox 1884 1774 1965 1805; x_wconf 84' lang='lat' dir='ltr'>satis</span> 
     </span>
     <span class='ocr_line' id='line_1_34' title="bbox 125 1827 1968 1870; baseline 0 -12"><span class='ocrx_word' id='word_1_320' title='bbox 125 1827 285 1858; x_wconf 87' lang='lat' dir='ltr'>videntur</span> <span class='ocrx_word' id='word_1_321' title='bbox 301 1838 320 1859; x_wconf 84' lang='lat' dir='ltr'>a</span> <span class='ocrx_word' id='word_1_322' title='bbox 336 1827 438 1859; x_wconf 89' lang='lat' dir='ltr'>modo</span> <span class='ocrx_word' id='word_1_323' title='bbox 463 1828 586 1860; x_wconf 89' lang='lat' dir='ltr'>securi.</span> <span class='ocrx_word' id='word_1_324' title='bbox 622 1828 693 1859; x_wconf 87' lang='lat' dir='ltr'>Sed</span> <span class='ocrx_word' id='word_1_325' title='bbox 709 1838 847 1869; x_wconf 88' lang='lat' dir='ltr'>semper</span> <span class='ocrx_word' id='word_1_326' title='bbox 871 1829 1015 1865; x_wconf 88' lang='lat' dir='ltr'>accidit,</span> <span class='ocrx_word' id='word_1_327' title='bbox 1032 1829 1124 1858; x_wconf 83' lang='lat' dir='ltr'>unde</span> <span class='ocrx_word' id='word_1_328' title='bbox 1142 1838 1227 1858; x_wconf 78' lang='lat' dir='ltr'>vero</span> <span class='ocrx_word' id='word_1_329' title='bbox 1246 1828 1464 1870; x_wconf 81' lang='lat' dir='ltr'>formidatur,</span> <span class='ocrx_word' id='word_1_330' title='bbox 1481 1828 1622 1860; x_wconf 74' lang='lat' dir='ltr'>insidias</span> <span class='ocrx_word' id='word_1_331' title='bbox 1646 1828 1837 1859; x_wconf 86' lang='lat' dir='ltr'>imminere.</span> <span class='ocrx_word' id='word_1_332' title='bbox 1884 1827 1968 1858; x_wconf 85' lang='lat' dir='ltr'>Erat</span> 
     </span>
     <span class='ocr_line' id='line_1_35' title="bbox 125 1880 1967 1924; baseline -0.001 -12"><span class='ocrx_word' id='word_1_333' title='bbox 125 1892 272 1923; x_wconf 88' lang='lat' dir='ltr'>namque</span> <span class='ocrx_word' id='word_1_334' title='bbox 296 1881 331 1912; x_wconf 91' lang='lat' dir='ltr'>in</span> <span class='ocrx_word' id='word_1_335' title='bbox 355 1887 469 1913; x_wconf 86' lang='lat' dir='ltr'>castro</span> <span class='ocrx_word' id='word_1_336' title='bbox 494 1881 654 1914; x_wconf 86' lang='lat' dir='ltr'>Tridenti</span> <span class='ocrx_word' id='word_1_337' title='bbox 680 1881 727 1913; x_wconf 89' lang='lat' dir='ltr'>ibi</span> <span class='ocrx_word' id='word_1_338' title='bbox 751 1882 832 1912; x_wconf 86' lang='lat' dir='ltr'>olim</span> <span class='ocrx_word' id='word_1_339' title='bbox 858 1892 920 1923; x_wconf 91' lang='lat' dir='ltr'>pro</span> <span class='ocrx_word' id='word_1_340' title='bbox 945 1882 1108 1923; x_wconf 80' lang='lat' dir='ltr'>episcopo</span> <span class='ocrx_word' id='word_1_341' title='bbox 1127 1881 1273 1913; x_wconf 83' lang='lat' dir='ltr'>Nicolao</span> <span class='ocrx_word' id='word_1_342' title='bbox 1292 1883 1494 1913; x_wconf 85' lang='lat' dir='ltr'>constitutus</span> <span class='ocrx_word' id='word_1_343' title='bbox 1511 1882 1649 1924; x_wconf 83' lang='lat' dir='ltr'>quidam</span> <span class='ocrx_word' id='word_1_344' title='bbox 1668 1881 1825 1913; x_wconf 89' lang='lat' dir='ltr'>dominus</span> <span class='ocrx_word' id='word_1_345' title='bbox 1843 1880 1967 1912; x_wconf 86' lang='lat' dir='ltr'>Iohan-</span> 
     </span>
     <span class='ocr_line' id='line_1_36' title="bbox 126 1934 1966 1977; baseline 0 -12"><span class='ocrx_word' id='word_1_346' title='bbox 126 1945 186 1965; x_wconf 90' lang='lat' dir='ltr'>nes</span> <span class='ocrx_word' id='word_1_347' title='bbox 210 1934 253 1965; x_wconf 93' lang='lat' dir='ltr'>de</span> <span class='ocrx_word' id='word_1_348' title='bbox 271 1934 454 1971; x_wconf 88' lang='lat' dir='ltr'>Gardellis‚</span> <span class='ocrx_word' id='word_1_349' title='bbox 478 1935 594 1977; x_wconf 82' lang='lat' dir='ltr'>legum</span> <span class='ocrx_word' id='word_1_350' title='bbox 619 1935 752 1972; x_wconf 89' lang='lat' dir='ltr'>doctor,</span> <span class='ocrx_word' id='word_1_351' title='bbox 777 1935 846 1977; x_wconf 88' lang='lat' dir='ltr'>qui,</span> <span class='ocrx_word' id='word_1_352' title='bbox 872 1941 1021 1966; x_wconf 87' lang='lat' dir='ltr'>tractatu</span> <span class='ocrx_word' id='word_1_353' title='bbox 1046 1935 1161 1966; x_wconf 88' lang='lat' dir='ltr'>habito</span> <span class='ocrx_word' id='word_1_354' title='bbox 1188 1945 1263 1966; x_wconf 89' lang='lat' dir='ltr'>cum</span> <span class='ocrx_word' id='word_1_355' title='bbox 1290 1934 1465 1966; x_wconf 87' lang='lat' dir='ltr'>nobilibus</span> <span class='ocrx_word' id='word_1_356' title='bbox 1489 1935 1532 1965; x_wconf 87' lang='lat' dir='ltr'>de</span> <span class='ocrx_word' id='word_1_357' title='bbox 1550 1935 1681 1975; x_wconf 87' lang='lat' dir='ltr'>Campo</span> <span class='ocrx_word' id='word_1_358' title='bbox 1700 1941 1735 1966; x_wconf 91' lang='lat' dir='ltr'>et</span> <span class='ocrx_word' id='word_1_359' title='bbox 1753 1946 1794 1966; x_wconf 80' lang='lat' dir='ltr'>ex</span> <span class='ocrx_word' id='word_1_360' title='bbox 1815 1935 1966 1975; x_wconf 87' lang='lat' dir='ltr'>ipsorum</span> 
     </span>
     <span class='ocr_line' id='line_1_37' title="bbox 126 1987 1966 2030; baseline 0.001 -12"><span class='ocrx_word' id='word_1_361' title='bbox 126 1987 291 2030; x_wconf 87' lang='lat' dir='ltr'>progenie</span> <span class='ocrx_word' id='word_1_362' title='bbox 317 1988 467 2029; x_wconf 68' lang='lat' dir='ltr'>coniuge</span> <span class='ocrx_word' id='word_1_363' title='bbox 490 1994 625 2029; x_wconf 88' lang='lat' dir='ltr'>sumpta</span> <span class='ocrx_word' id='word_1_364' title='bbox 649 1989 788 2020; x_wconf 89' lang='lat' dir='ltr'>hortatu</span> <span class='ocrx_word' id='word_1_365' title='bbox 814 1989 989 2019; x_wconf 88' lang='lat' dir='ltr'>cuiusdam</span> <span class='ocrx_word' id='word_1_366' title='bbox 1015 1988 1167 2020; x_wconf 87' lang='lat' dir='ltr'>Conradi</span> <span class='ocrx_word' id='word_1_367' title='bbox 1194 1989 1236 2019; x_wconf 90' lang='lat' dir='ltr'>de</span> <span class='ocrx_word' id='word_1_368' title='bbox 1261 1988 1383 2019; x_wconf 86' lang='lat' dir='ltr'>Castro</span> <span class='ocrx_word' id='word_1_369' title='bbox 1409 1998 1510 2026; x_wconf 80' lang='lat' dir='ltr'>novo,</span> <span class='ocrx_word' id='word_1_370' title='bbox 1536 1988 1631 2019; x_wconf 89' lang='lat' dir='ltr'>cuius</span> <span class='ocrx_word' id='word_1_371' title='bbox 1658 1988 1808 2019; x_wconf 85' lang='lat' dir='ltr'>consiliis</span> <span class='ocrx_word' id='word_1_372' title='bbox 1841 1994 1966 2019; x_wconf 90' lang='lat' dir='ltr'>cuncta</span> 
     </span>
     <span class='ocr_line' id='line_1_38' title="bbox 126 2040 1965 2084; baseline 0.001 -13"><span class='ocrx_word' id='word_1_373' title='bbox 126 2041 281 2084; x_wconf 88' lang='lat' dir='ltr'>gerebat,</span> <span class='ocrx_word' id='word_1_374' title='bbox 317 2040 507 2072; x_wconf 86' lang='lat' dir='ltr'>Filidisium</span> <span class='ocrx_word' id='word_1_375' title='bbox 544 2042 588 2073; x_wconf 91' lang='lat' dir='ltr'>de</span> <span class='ocrx_word' id='word_1_376' title='bbox 620 2040 688 2058; x_wconf 49' lang='grc' dir='ltr'>*Μ*</span> <span class='ocrx_word' id='word_1_377' title='bbox 721 2051 796 2072; x_wconf 86' lang='lat' dir='ltr'>cum</span> <span class='ocrx_word' id='word_1_378' title='bbox 829 2041 987 2083; x_wconf 82' lang='lat' dir='ltr'>gentibus</span> <span class='ocrx_word' id='word_1_379' title='bbox 1020 2041 1237 2073; x_wconf 90' lang='lat' dir='ltr'>dominorum</span> <span class='ocrx_word' id='word_1_380' title='bbox 1270 2041 1375 2072; x_wconf 83' lang='lat' dir='ltr'>Xichi</span> <span class='ocrx_word' id='word_1_381' title='bbox 1408 2042 1552 2072; x_wconf 85' lang='lat' dir='ltr'>senioris</span> <span class='ocrx_word' id='word_1_382' title='bbox 1578 2047 1611 2072; x_wconf 88' lang='lat' dir='ltr'>et</span> <span class='ocrx_word' id='word_1_383' title='bbox 1644 2041 1889 2073; x_wconf 66' lang='lat' dir='ltr'>Marclmbruni</span> <span class='ocrx_word' id='word_1_384' title='bbox 1923 2042 1965 2072; x_wconf 89' lang='lat' dir='ltr'>de</span> 
     </span>
     <span class='ocr_line' id='line_1_39' title="bbox 127 2093 1964 2136; baseline 0 -11"><span class='ocrx_word' id='word_1_385' title='bbox 127 2093 380 2126; x_wconf 84' lang='lat' dir='ltr'>Castrobarcho</span> <span class='ocrx_word' id='word_1_386' title='bbox 404 2094 437 2124; x_wconf 89' lang='lat' dir='ltr'>in</span> <span class='ocrx_word' id='word_1_387' title='bbox 462 2094 623 2125; x_wconf 87' lang='lat' dir='ltr'>Tridenti</span> <span class='ocrx_word' id='word_1_388' title='bbox 649 2101 763 2126; x_wconf 84' lang='lat' dir='ltr'>castro</span> <span class='ocrx_word' id='word_1_389' title='bbox 788 2095 932 2136; x_wconf 82' lang='lat' dir='ltr'>recepit,</span> <span class='ocrx_word' id='word_1_390' title='bbox 957 2095 1141 2136; x_wconf 83' lang='lat' dir='ltr'>occisoque</span> <span class='ocrx_word' id='word_1_391' title='bbox 1166 2095 1239 2125; x_wconf 88' lang='lat' dir='ltr'>viro</span> <span class='ocrx_word' id='word_1_392' title='bbox 1258 2094 1362 2126; x_wconf 89' lang='lat' dir='ltr'>nobili</span> <span class='ocrx_word' id='word_1_393' title='bbox 1386 2094 1539 2125; x_wconf 82' lang='lat' dir='ltr'>Iohanne</span> <span class='ocrx_word' id='word_1_394' title='bbox 1560 2095 1645 2125; x_wconf 70' lang='lat' dir='ltr'>Asso</span> <span class='ocrx_word' id='word_1_395' title='bbox 1665 2102 1821 2132; x_wconf 74' lang='lat' dir='ltr'>castrum,</span> <span class='ocrx_word' id='word_1_396' title='bbox 1838 2095 1964 2125; x_wconf 85' lang='lat' dir='ltr'>deinde</span> 
     </span>
     <span class='ocr_line' id='line_1_40' title="bbox 128 2147 1967 2189; baseline 0.001 -12"><span class='ocrx_word' id='word_1_397' title='bbox 128 2147 304 2178; x_wconf 88' lang='lat' dir='ltr'>civitatem</span> <span class='ocrx_word' id='word_1_398' title='bbox 342 2147 586 2179; x_wconf 81' lang='lat' dir='ltr'>Bradembursi</span> <span class='ocrx_word' id='word_1_399' title='bbox 622 2148 764 2179; x_wconf 86' lang='lat' dir='ltr'>tradidit</span> <span class='ocrx_word' id='word_1_400' title='bbox 798 2148 1004 2179; x_wconf 86' lang='lat' dir='ltr'>marchioni.</span> <span class='ocrx_word' id='word_1_401' title='bbox 1053 2147 1242 2179; x_wconf 85' lang='lat' dir='ltr'>Commissa</span> <span class='ocrx_word' id='word_1_402' title='bbox 1277 2148 1404 2189; x_wconf 74' lang='lat' dir='ltr'>itaque,</span> <span class='ocrx_word' id='word_1_403' title='bbox 1439 2154 1475 2178; x_wconf 86' lang='lat' dir='ltr'>ut</span> <span class='ocrx_word' id='word_1_404' title='bbox 1512 2147 1640 2178; x_wconf 87' lang='lat' dir='ltr'>dictum</span> <span class='ocrx_word' id='word_1_405' title='bbox 1681 2154 1743 2184; x_wconf 89' lang='lat' dir='ltr'>est,</span> <span class='ocrx_word' id='word_1_406' title='bbox 1778 2147 1967 2179; x_wconf 81' lang='lat' dir='ltr'>rebellione</span> 
     </span>
     <span class='ocr_line' id='line_1_41' title="bbox 127 2200 1966 2243; baseline 0 -12"><span class='ocrx_word' id='word_1_407' title='bbox 127 2200 278 2232; x_wconf 86' lang='lat' dir='ltr'>civitatis</span> <span class='ocrx_word' id='word_1_408' title='bbox 301 2200 508 2232; x_wconf 84' lang='lat' dir='ltr'>Tridentine</span> <span class='ocrx_word' id='word_1_409' title='bbox 534 2201 675 2243; x_wconf 87' lang='lat' dir='ltr'>eiusque</span> <span class='ocrx_word' id='word_1_410' title='bbox 701 2201 816 2238; x_wconf 83' lang='lat' dir='ltr'>castri,</span> <span class='ocrx_word' id='word_1_411' title='bbox 849 2212 927 2233; x_wconf 78' lang='lat' dir='ltr'>mox</span> <span class='ocrx_word' id='word_1_412' title='bbox 960 2207 1083 2243; x_wconf 75' lang='lat' dir='ltr'>gentes</span> <span class='ocrx_word' id='word_1_413' title='bbox 1114 2201 1340 2232; x_wconf 82' lang='lat' dir='ltr'>licenciantur</span> <span class='ocrx_word' id='word_1_414' title='bbox 1373 2201 1553 2241; x_wconf 76' lang='lat' dir='ltr'>magnifici</span> <span class='ocrx_word' id='word_1_415' title='bbox 1580 2200 1709 2239; x_wconf 78' lang='lat' dir='ltr'>Iacobi,</span> <span class='ocrx_word' id='word_1_416' title='bbox 1733 2201 1827 2231; x_wconf 84' lang='lat' dir='ltr'>nulla</span> <span class='ocrx_word' id='word_1_417' title='bbox 1851 2207 1966 2232; x_wconf 85' lang='lat' dir='ltr'>tamen</span> 
     </span>
     <span class='ocr_line' id='line_1_42' title="bbox 127 2253 1967 2295; baseline 0 -11"><span class='ocrx_word' id='word_1_418' title='bbox 127 2254 258 2285; x_wconf 89' lang='lat' dir='ltr'>lesione</span> <span class='ocrx_word' id='word_1_419' title='bbox 282 2253 331 2284; x_wconf 89' lang='lat' dir='ltr'>eis</span> <span class='ocrx_word' id='word_1_420' title='bbox 354 2254 389 2284; x_wconf 86' lang='lat' dir='ltr'>in</span> <span class='ocrx_word' id='word_1_421' title='bbox 415 2265 470 2284; x_wconf 89' lang='lat' dir='ltr'>ere</span> <span class='ocrx_word' id='word_1_422' title='bbox 496 2260 554 2285; x_wconf 87' lang='lat' dir='ltr'>aut</span> <span class='ocrx_word' id='word_1_423' title='bbox 577 2255 735 2295; x_wconf 89' lang='lat' dir='ltr'>personis</span> <span class='ocrx_word' id='word_1_424' title='bbox 759 2255 864 2286; x_wconf 88' lang='lat' dir='ltr'>illata.</span> <span class='ocrx_word' id='word_1_425' title='bbox 913 2253 1095 2286; x_wconf 84' lang='lat' dir='ltr'>Predictus</span> <span class='ocrx_word' id='word_1_426' title='bbox 1128 2254 1286 2285; x_wconf 80' lang='lat' dir='ltr'>(lominus</span> <span class='ocrx_word' id='word_1_427' title='bbox 1316 2254 1486 2285; x_wconf 79' lang='lat' dir='ltr'>Iohannes</span> <span class='ocrx_word' id='word_1_428' title='bbox 1518 2263 1583 2284; x_wconf 90' lang='lat' dir='ltr'>non</span> <span class='ocrx_word' id='word_1_429' title='bbox 1611 2255 1691 2284; x_wconf 85' lang='lat' dir='ltr'>satis</span> <span class='ocrx_word' id='word_1_430' title='bbox 1717 2260 1899 2284; x_wconf 71' lang='lat' dir='ltr'>contentus</span> <span class='ocrx_word' id='word_1_431' title='bbox 1923 2255 1967 2285; x_wconf 87' lang='lat' dir='ltr'>de</span> 
     </span>
     <span class='ocr_line' id='line_1_43' title="bbox 127 2306 1968 2349; baseline 0 -11"><span class='ocrx_word' id='word_1_432' title='bbox 127 2306 331 2349; x_wconf 89' lang='lat' dir='ltr'>prodicione</span> <span class='ocrx_word' id='word_1_433' title='bbox 357 2307 548 2347; x_wconf 84' lang='lat' dir='ltr'>commissa,</span> <span class='ocrx_word' id='word_1_434' title='bbox 573 2308 635 2339; x_wconf 91' lang='lat' dir='ltr'>nisi</span> <span class='ocrx_word' id='word_1_435' title='bbox 653 2309 763 2339; x_wconf 86' lang='lat' dir='ltr'>eciam</span> <span class='ocrx_word' id='word_1_436' title='bbox 783 2307 1062 2340; x_wconf 80' lang='lat' dir='ltr'>Bonaventuram</span> <span class='ocrx_word' id='word_1_437' title='bbox 1081 2309 1123 2339; x_wconf 88' lang='lat' dir='ltr'>de</span> <span class='ocrx_word' id='word_1_438' title='bbox 1141 2307 1324 2343; x_wconf 74' lang='lat' dir='ltr'>Gardellis,</span> <span class='ocrx_word' id='word_1_439' title='bbox 1350 2314 1511 2348; x_wconf 82' lang='lat' dir='ltr'>nepotem</span> <span class='ocrx_word' id='word_1_440' title='bbox 1537 2317 1643 2343; x_wconf 87' lang='lat' dir='ltr'>suum,</span> <span class='ocrx_word' id='word_1_441' title='bbox 1669 2317 1731 2348; x_wconf 86' lang='lat' dir='ltr'>per</span> <span class='ocrx_word' id='word_1_442' title='bbox 1755 2309 1968 2348; x_wconf 88' lang='lat' dir='ltr'>suprascrip-</span> 
     </span>
     <span class='ocr_line' id='line_1_44' title="bbox 127 2359 1968 2402; baseline -0.001 -11"><span class='ocrx_word' id='word_1_443' title='bbox 127 2366 199 2391; x_wconf 89' lang='lat' dir='ltr'>tum</span> <span class='ocrx_word' id='word_1_444' title='bbox 224 2361 427 2401; x_wconf 86' lang='lat' dir='ltr'>episcopum</span> <span class='ocrx_word' id='word_1_445' title='bbox 447 2360 628 2392; x_wconf 87' lang='lat' dir='ltr'>Nicolaum</span> <span class='ocrx_word' id='word_1_446' title='bbox 646 2361 806 2402; x_wconf 76' lang='lat' dir='ltr'>Percinis</span> <span class='ocrx_word' id='word_1_447' title='bbox 825 2367 938 2392; x_wconf 89' lang='lat' dir='ltr'>castro</span> <span class='ocrx_word' id='word_1_448' title='bbox 956 2361 1181 2402; x_wconf 84' lang='lat' dir='ltr'>prepositum,</span> <span class='ocrx_word' id='word_1_449' title='bbox 1200 2361 1242 2391; x_wconf 81' lang='lat' dir='ltr'>ad</span> <span class='ocrx_word' id='word_1_450' title='bbox 1260 2360 1366 2400; x_wconf 80' lang='lat' dir='ltr'>ipsius</span> <span class='ocrx_word' id='word_1_451' title='bbox 1384 2359 1487 2390; x_wconf 86' lang='lat' dir='ltr'>castri</span> <span class='ocrx_word' id='word_1_452' title='bbox 1506 2360 1689 2391; x_wconf 84' lang='lat' dir='ltr'>seduceret</span> <span class='ocrx_word' id='word_1_453' title='bbox 1718 2359 1968 2401; x_wconf 85' lang='lat' dir='ltr'>prodicionem‚</span> 
     </span>
     <span class='ocr_line' id='line_1_45' title="bbox 126 2413 1968 2455; baseline 0 -11"><span class='ocrx_word' id='word_1_454' title='bbox 126 2413 210 2444; x_wconf 89' lang='lat' dir='ltr'>illuc</span> <span class='ocrx_word' id='word_1_455' title='bbox 234 2423 311 2444; x_wconf 89' lang='lat' dir='ltr'>cum</span> <span class='ocrx_word' id='word_1_456' title='bbox 337 2413 437 2454; x_wconf 85' lang='lat' dir='ltr'>copia</span> <span class='ocrx_word' id='word_1_457' title='bbox 462 2414 628 2455; x_wconf 84' lang='lat' dir='ltr'>equitavit</span> <span class='ocrx_word' id='word_1_458' title='bbox 653 2420 873 2451; x_wconf 87' lang='lat' dir='ltr'>armatorum,</span> <span class='ocrx_word' id='word_1_459' title='bbox 898 2420 1059 2454; x_wconf 89' lang='lat' dir='ltr'>nepotem</span> <span class='ocrx_word' id='word_1_460' title='bbox 1085 2414 1365 2444; x_wconf 83' lang='lat' dir='ltr'>animadvertens</span> <span class='ocrx_word' id='word_1_461' title='bbox 1381 2413 1444 2443; x_wconf 86' lang='lat' dir='ltr'>sibi</span> <span class='ocrx_word' id='word_1_462' title='bbox 1464 2413 1496 2442; x_wconf 83' lang='lat' dir='ltr'>in</span> <span class='ocrx_word' id='word_1_463' title='bbox 1515 2413 1640 2443; x_wconf 76' lang='lat' dir='ltr'>ceteris</span> <span class='ocrx_word' id='word_1_464' title='bbox 1660 2413 1861 2453; x_wconf 76' lang='lat' dir='ltr'>pariturum.</span> <span class='ocrx_word' id='word_1_465' title='bbox 1907 2414 1968 2445; x_wconf 70' lang='lat' dir='ltr'>Set</span> 
     </span>
     <span class='ocr_line' id='line_1_46' title="bbox 129 2465 1968 2508; baseline -0.001 -11"><span class='ocrx_word' id='word_1_466' title='bbox 129 2477 226 2497; x_wconf 85' lang='lat' dir='ltr'>secus</span> <span class='ocrx_word' id='word_1_467' title='bbox 240 2477 295 2498; x_wconf 89' lang='lat' dir='ltr'>res</span> <span class='ocrx_word' id='word_1_468' title='bbox 310 2472 389 2498; x_wconf 89' lang='lat' dir='ltr'>acta</span> <span class='ocrx_word' id='word_1_469' title='bbox 407 2472 468 2497; x_wconf 86' lang='lat' dir='ltr'>est.</span> <span class='ocrx_word' id='word_1_470' title='bbox 497 2467 585 2498; x_wconf 90' lang='lat' dir='ltr'>Nam</span> <span class='ocrx_word' id='word_1_471' title='bbox 605 2467 849 2499; x_wconf 79' lang='lat' dir='ltr'>Bonaventura</span> <span class='ocrx_word' id='word_1_472' title='bbox 864 2467 936 2508; x_wconf 85' lang='lat' dir='ltr'>ipse</span> <span class='ocrx_word' id='word_1_473' title='bbox 950 2467 1096 2503; x_wconf 80' lang='lat' dir='ltr'>iuvenis,</span> <span class='ocrx_word' id='word_1_474' title='bbox 1110 2473 1146 2497; x_wconf 91' lang='lat' dir='ltr'>ut</span> <span class='ocrx_word' id='word_1_475' title='bbox 1160 2466 1400 2507; x_wconf 80' lang='lat' dir='ltr'>legalissimus,</span> <span class='ocrx_word' id='word_1_476' title='bbox 1417 2466 1463 2496; x_wconf 86' lang='lat' dir='ltr'>ita</span> <span class='ocrx_word' id='word_1_477' title='bbox 1482 2465 1609 2506; x_wconf 88' lang='lat' dir='ltr'>probus</span> <span class='ocrx_word' id='word_1_478' title='bbox 1623 2471 1656 2497; x_wconf 91' lang='lat' dir='ltr'>et</span> <span class='ocrx_word' id='word_1_479' title='bbox 1669 2467 1792 2503; x_wconf 77' lang='lat' dir='ltr'>audax,</span> <span class='ocrx_word' id='word_1_480' title='bbox 1811 2466 1968 2497; x_wconf 84' lang='lat' dir='ltr'>dissimu-</span> 
     </span>
    </p>
   </div>
   <div class='ocr_carea' id='block_1_13' title="bbox 132 2589 1969 2917">
    <p class='ocr_par' dir='ltr' id='par_1_13' title="bbox 132 2589 1969 2917">
     <span class='ocr_line' id='line_1_47' title="bbox 219 2589 1966 2624; baseline 0.001 -10"><span class='ocrx_word' id='word_1_481' title='bbox 219 2599 244 2621; x_wconf 79' lang='lat'>5.</span> <span class='ocrx_word' id='word_1_482' title='bbox 263 2589 335 2623; x_wconf 88' lang='lat' dir='ltr'>eum]</span> <span class='ocrx_word' id='word_1_483' title='bbox 354 2591 447 2622; x_wconf 87' lang='lat' dir='ltr'>ipsum</span> <span class='ocrx_word' id='word_1_484' title='bbox 467 2591 490 2616; x_wconf 98' lang='lat' dir='ltr'><em>S</em></span> <span class='ocrx_word' id='word_1_485' title='bbox 507 2604 538 2608; x_wconf 90' lang='lat'>—</span> <span class='ocrx_word' id='word_1_486' title='bbox 560 2591 582 2615; x_wconf 86' lang='lat'>6.</span> <span class='ocrx_word' id='word_1_487' title='bbox 603 2592 658 2624; x_wconf 85' lang='lat' dir='ltr'>ipsi</span> <span class='ocrx_word' id='word_1_488' title='bbox 680 2593 799 2623; x_wconf 81' lang='lat' dir='ltr'>magnif.</span> <span class='ocrx_word' id='word_1_489' title='bbox 815 2593 837 2616; x_wconf 80' lang='lat' dir='ltr'><em>S</em></span> <span class='ocrx_word' id='word_1_490' title='bbox 855 2606 885 2608; x_wconf 97' lang='lat'><strong>—</strong></span> <span class='ocrx_word' id='word_1_491' title='bbox 911 2599 946 2616; x_wconf 83' lang='lat'>12.</span> <span class='ocrx_word' id='word_1_492' title='bbox 970 2592 1125 2616; x_wconf 71' lang='lat' dir='ltr'>Millesimo</span> <span class='ocrx_word' id='word_1_493' title='bbox 1139 2592 1337 2615; x_wconf 77' lang='lat' dir='ltr'>trecentesimo</span> <span class='ocrx_word' id='word_1_494' title='bbox 1352 2591 1567 2621; x_wconf 76' lang='lat' dir='ltr'>quadragesimo</span> <span class='ocrx_word' id='word_1_495' title='bbox 1588 2599 1664 2614; x_wconf 87' lang='lat' dir='ltr'>nono</span> <span class='ocrx_word' id='word_1_496' title='bbox 1680 2592 1744 2615; x_wconf 80' lang='lat' dir='ltr'>S—</span> <span class='ocrx_word' id='word_1_497' title='bbox 1763 2598 1800 2622; x_wconf 80' lang='lat'>13.</span> <span class='ocrx_word' id='word_1_498' title='bbox 1821 2592 1895 2622; x_wconf 80' lang='lat' dir='ltr'>quod</span> <span class='ocrx_word' id='word_1_499' title='bbox 1909 2611 1912 2614; x_wconf 97' lang='lat'>.</span> <span class='ocrx_word' id='word_1_500' title='bbox 1926 2610 1930 2615; x_wconf 91' lang='lat'><em>.</em></span> <span class='ocrx_word' id='word_1_501' title='bbox 1944 2611 1948 2615; x_wconf 93' lang='lat'>.</span> <span class='ocrx_word' id='word_1_502' title='bbox 1961 2609 1966 2614; x_wconf 89' lang='lat'><em>.</em></span> 
     </span>
     <span class='ocr_line' id='line_1_48' title="bbox 132 2631 1966 2665; baseline -0.001 -8"><span class='ocrx_word' id='word_1_503' title='bbox 132 2633 284 2664; x_wconf 81' lang='lat' dir='ltr'>custodiri]</span> <span class='ocrx_word' id='word_1_504' title='bbox 307 2634 408 2664; x_wconf 88' lang='lat' dir='ltr'>quibus</span> <span class='ocrx_word' id='word_1_505' title='bbox 427 2635 519 2656; x_wconf 81' lang='lat' dir='ltr'>autem</span> <span class='ocrx_word' id='word_1_506' title='bbox 540 2633 631 2656; x_wconf 72' lang='lat' dir='ltr'>forma</span> <span class='ocrx_word' id='word_1_507' title='bbox 650 2636 677 2658; x_wconf 88' lang='lat' dir='ltr'>et</span> <span class='ocrx_word' id='word_1_508' title='bbox 697 2636 794 2658; x_wconf 85' lang='lat' dir='ltr'>tenore</span> <span class='ocrx_word' id='word_1_509' title='bbox 814 2635 859 2658; x_wconf 76' lang='lat' dir='ltr'>hic</span> <span class='ocrx_word' id='word_1_510' title='bbox 882 2635 957 2657; x_wconf 87' lang='lat' dir='ltr'>infra</span> <span class='ocrx_word' id='word_1_511' title='bbox 978 2635 1085 2665; x_wconf 57' lang='lat' dir='ltr'>legetur</span> <span class='ocrx_word' id='word_1_512' title='bbox 1107 2636 1128 2657; x_wconf 62' lang='grc' dir='ltr'>,δ’</span> <span class='ocrx_word' id='word_1_513' title='bbox 1145 2647 1176 2651; x_wconf 89' lang='grc'><strong>-</strong></span> <span class='ocrx_word' id='word_1_514' title='bbox 1200 2639 1238 2662; x_wconf 87' lang='lat'>17.</span> <span class='ocrx_word' id='word_1_515' title='bbox 1266 2634 1329 2664; x_wconf 77' lang='lat' dir='ltr'>ipso</span> <span class='ocrx_word' id='word_1_516' title='bbox 1350 2633 1446 2662; x_wconf 75' lang='lat' dir='ltr'>utique</span> <span class='ocrx_word' id='word_1_517' title='bbox 1471 2632 1494 2656; x_wconf 84' lang='lat' dir='ltr'><em>S</em></span> <span class='ocrx_word' id='word_1_518' title='bbox 1512 2645 1521 2649; x_wconf 99' lang='lat'>-</span> <span class='ocrx_word' id='word_1_519' title='bbox 1542 2631 1678 2664; x_wconf 81' lang='lat' dir='ltr'>tempore]</span> <span class='ocrx_word' id='word_1_520' title='bbox 1699 2633 1744 2656; x_wconf 81' lang='lat' dir='ltr'>die</span> <span class='ocrx_word' id='word_1_521' title='bbox 1770 2634 1793 2657; x_wconf 90' lang='lat' dir='ltr'><em>S</em></span> <span class='ocrx_word' id='word_1_522' title='bbox 1817 2647 1824 2650; x_wconf 97' lang='lat'>-</span> <span class='ocrx_word' id='word_1_523' title='bbox 1851 2634 1966 2657; x_wconf 88' lang='lat' dir='ltr'>civitati</span> 
     </span>
     <span class='ocr_line' id='line_1_49' title="bbox 132 2674 1967 2708; baseline 0 -10"><span class='ocrx_word' id='word_1_524' title='bbox 132 2677 186 2707; x_wconf 88' lang='lat' dir='ltr'>ipsi</span> <span class='ocrx_word' id='word_1_525' title='bbox 208 2677 337 2705; x_wconf 81' lang='lat' dir='ltr'>imperat.</span> <span class='ocrx_word' id='word_1_526' title='bbox 357 2676 379 2699; x_wconf 79' lang='lat' dir='ltr'><em>S</em></span> <span class='ocrx_word' id='word_1_527' title='bbox 392 2689 423 2691; x_wconf 97' lang='lat'><strong>—</strong></span> <span class='ocrx_word' id='word_1_528' title='bbox 447 2676 485 2699; x_wconf 86' lang='lat' dir='ltr'>xS.</span> <span class='ocrx_word' id='word_1_529' title='bbox 505 2675 685 2708; x_wconf 69' lang='lat' dir='ltr'>disposuerat</span> <span class='ocrx_word' id='word_1_530' title='bbox 705 2678 731 2699; x_wconf 84' lang='lat' dir='ltr'>et</span> <span class='ocrx_word' id='word_1_531' title='bbox 751 2677 864 2708; x_wconf 68' lang='lat' dir='ltr'>disponi.</span> <span class='ocrx_word' id='word_1_532' title='bbox 886 2677 908 2700; x_wconf 77' lang='lat' dir='ltr'><strong><em>S</em></strong></span> <span class='ocrx_word' id='word_1_533' title='bbox 937 2690 956 2693; x_wconf 62' lang='lat'>&gt;-</span> <span class='ocrx_word' id='word_1_534' title='bbox 978 2683 1066 2699; x_wconf 63' lang='lat' dir='ltr'>ssi-21.</span> <span class='ocrx_word' id='word_1_535' title='bbox 1087 2684 1137 2705; x_wconf 77' lang='lat' dir='ltr'>que</span> <span class='ocrx_word' id='word_1_536' title='bbox 1152 2676 1302 2698; x_wconf 49' lang='lat' dir='ltr'>advocatio</span> <span class='ocrx_word' id='word_1_537' title='bbox 1318 2675 1350 2697; x_wconf 75' lang='lat' dir='ltr'>:id</span> <span class='ocrx_word' id='word_1_538' title='bbox 1366 2675 1499 2697; x_wconf 72' lang='lat' dir='ltr'>comitem</span> <span class='ocrx_word' id='word_1_539' title='bbox 1519 2674 1626 2697; x_wconf 82' lang='lat' dir='ltr'>Tirolis</span> <span class='ocrx_word' id='word_1_540' title='bbox 1647 2676 1799 2705; x_wconf 68' lang='lat' dir='ltr'>spectabat.</span> <span class='ocrx_word' id='word_1_541' title='bbox 1813 2677 1894 2699; x_wconf 75' lang='lat' dir='ltr'>cuius</span> <span class='ocrx_word' id='word_1_542' title='bbox 1909 2677 1967 2706; x_wconf 86' lang='lat' dir='ltr'>ipse</span> 
     </span>
     <span class='ocr_line' id='line_1_50' title="bbox 133 2717 1966 2749; baseline 0 -8"><span class='ocrx_word' id='word_1_543' title='bbox 133 2718 209 2741; x_wconf 80' lang='lat' dir='ltr'>vices</span> <span class='ocrx_word' id='word_1_544' title='bbox 222 2718 368 2741; x_wconf 80' lang='lat' dir='ltr'>exercebat</span> <span class='ocrx_word' id='word_1_545' title='bbox 381 2717 405 2742; x_wconf 87' lang='lat' dir='ltr'><em>S</em></span> <span class='ocrx_word' id='word_1_546' title='bbox 419 2731 447 2734; x_wconf 94' lang='grc'>-</span> <span class='ocrx_word' id='word_1_547' title='bbox 469 2724 510 2741; x_wconf 79' lang='lat'>22.</span> <span class='ocrx_word' id='word_1_548' title='bbox 531 2719 621 2749; x_wconf 84' lang='lat' dir='ltr'>ipsius</span> <span class='ocrx_word' id='word_1_549' title='bbox 642 2719 758 2742; x_wconf 85' lang='lat' dir='ltr'>ecclesie</span> <span class='ocrx_word' id='word_1_550' title='bbox 780 2720 937 2742; x_wconf 74' lang='lat' dir='ltr'>tridentine</span> <span class='ocrx_word' id='word_1_551' title='bbox 958 2720 1124 2749; x_wconf 81' lang='lat' dir='ltr'>possetenus</span> <span class='ocrx_word' id='word_1_552' title='bbox 1150 2718 1171 2742; x_wconf 84' lang='lat' dir='ltr'><strong><em>S</em></strong></span> <span class='ocrx_word' id='word_1_553' title='bbox 1188 2730 1197 2734; x_wconf 99' lang='lat'>-</span> <span class='ocrx_word' id='word_1_554' title='bbox 1219 2718 1274 2740; x_wconf 67' lang='lat' dir='ltr'>:ilia</span> <span class='ocrx_word' id='word_1_555' title='bbox 1296 2717 1409 2748; x_wconf 83' lang='lat' dir='ltr'>imperii</span> <span class='ocrx_word' id='word_1_556' title='bbox 1425 2718 1451 2739; x_wconf 67' lang='lat' dir='ltr'>et</span> <span class='ocrx_word' id='word_1_557' title='bbox 1466 2718 1525 2739; x_wconf 78' lang='lat' dir='ltr'>eius</span> <span class='ocrx_word' id='word_1_558' title='bbox 1541 2718 1643 2740; x_wconf 78' lang='lat' dir='ltr'>jurium</span> <span class='ocrx_word' id='word_1_559' title='bbox 1660 2718 1681 2741; x_wconf 75' lang='lat' dir='ltr'><em>S</em></span> <span class='ocrx_word' id='word_1_560' title='bbox 1693 2731 1724 2733; x_wconf 97' lang='lat'><strong>—</strong></span> <span class='ocrx_word' id='word_1_561' title='bbox 1741 2724 1828 2749; x_wconf 68' lang='lat'>23-24.</span> <span class='ocrx_word' id='word_1_562' title='bbox 1845 2719 1888 2741; x_wconf 79' lang='lat' dir='ltr'>sed</span> <span class='ocrx_word' id='word_1_563' title='bbox 1906 2726 1966 2741; x_wconf 78' lang='lat' dir='ltr'>cuin</span> 
     </span>
     <span class='ocr_line' id='line_1_51' title="bbox 133 2758 1969 2792; baseline 0 -9"><span class='ocrx_word' id='word_1_564' title='bbox 133 2760 266 2792; x_wconf 83' lang='lat' dir='ltr'>potencie</span> <span class='ocrx_word' id='word_1_565' title='bbox 280 2760 370 2791; x_wconf 81' lang='lat' dir='ltr'>ipsius</span> <span class='ocrx_word' id='word_1_566' title='bbox 385 2759 465 2783; x_wconf 80' lang='lat' dir='ltr'>ducis</span> <span class='ocrx_word' id='word_1_567' title='bbox 485 2760 518 2783; x_wconf 86' lang='lat' dir='ltr'>de</span> <span class='ocrx_word' id='word_1_568' title='bbox 537 2760 611 2784; x_wconf 79' lang='lat' dir='ltr'>Teck</span> <span class='ocrx_word' id='word_1_569' title='bbox 631 2761 752 2792; x_wconf 83' lang='lat' dir='ltr'>impares</span> <span class='ocrx_word' id='word_1_570' title='bbox 772 2761 906 2784; x_wconf 80' lang='lat' dir='ltr'>canonici</span> <span class='ocrx_word' id='word_1_571' title='bbox 926 2761 979 2792; x_wconf 86' lang='lat' dir='ltr'>ipsi</span> <span class='ocrx_word' id='word_1_572' title='bbox 1001 2761 1094 2783; x_wconf 76' lang='lat' dir='ltr'>forent</span> <span class='ocrx_word' id='word_1_573' title='bbox 1109 2761 1200 2783; x_wconf 76' lang='lat' dir='ltr'>coacti</span> <span class='ocrx_word' id='word_1_574' title='bbox 1218 2758 1359 2788; x_wconf 57' lang='lat' dir='ltr'>magnifici</span> <span class='ocrx_word' id='word_1_575' title='bbox 1375 2759 1468 2782; x_wconf 75' lang='lat' dir='ltr'>Iacobi</span> <span class='ocrx_word' id='word_1_576' title='bbox 1483 2759 1505 2783; x_wconf 73' lang='lat' dir='ltr'><em>S</em></span> <span class='ocrx_word' id='word_1_577' title='bbox 1519 2773 1548 2775; x_wconf 77' lang='lat'>——</span> <span class='ocrx_word' id='word_1_578' title='bbox 1565 2764 1605 2789; x_wconf 73' lang='lat'>25.</span> <span class='ocrx_word' id='word_1_579' title='bbox 1622 2759 1760 2783; x_wconf 80' lang='lat' dir='ltr'>Gentibus</span> <span class='ocrx_word' id='word_1_580' title='bbox 1775 2760 1864 2791; x_wconf 76' lang='lat' dir='ltr'>igitur</span> <span class='ocrx_word' id='word_1_581' title='bbox 1879 2761 1969 2792; x_wconf 70' lang='lat' dir='ltr'>ipsius</span> 
     </span>
     <span class='ocr_line' id='line_1_52' title="bbox 132 2800 1968 2834; baseline 0 -9"><span class='ocrx_word' id='word_1_582' title='bbox 132 2801 275 2833; x_wconf 83' lang='lat' dir='ltr'>magnifici</span> <span class='ocrx_word' id='word_1_583' title='bbox 295 2801 392 2825; x_wconf 86' lang='lat' dir='ltr'>Iacobi</span> <span class='ocrx_word' id='word_1_584' title='bbox 412 2801 434 2826; x_wconf 82' lang='lat' dir='ltr'><strong><em>S</em></strong></span> <span class='ocrx_word' id='word_1_585' title='bbox 453 2815 460 2819; x_wconf 87' lang='lat'>-</span> <span class='ocrx_word' id='word_1_586' title='bbox 483 2803 511 2825; x_wconf 87' lang='lat' dir='ltr'>in</span> <span class='ocrx_word' id='word_1_587' title='bbox 531 2801 705 2826; x_wconf 81' lang='lat' dir='ltr'>Tridentino</span> <span class='ocrx_word' id='word_1_588' title='bbox 728 2804 750 2826; x_wconf 84' lang='lat' dir='ltr'><em>S</em></span> <span class='ocrx_word' id='word_1_589' title='bbox 767 2816 797 2819; x_wconf 67' lang='lat'><strong>—</strong></span> <span class='ocrx_word' id='word_1_590' title='bbox 820 2802 860 2825; x_wconf 80' lang='lat'>26,</span> <span class='ocrx_word' id='word_1_591' title='bbox 880 2802 932 2825; x_wconf 82' lang='lat' dir='ltr'>Sed</span> <span class='ocrx_word' id='word_1_592' title='bbox 954 2803 1117 2834; x_wconf 83' lang='lat' dir='ltr'>plerumque</span> <span class='ocrx_word' id='word_1_593' title='bbox 1138 2809 1194 2824; x_wconf 70' lang='lat' dir='ltr'>non</span> <span class='ocrx_word' id='word_1_594' title='bbox 1215 2801 1321 2824; x_wconf 81' lang='lat' dir='ltr'>accidit</span> <span class='ocrx_word' id='word_1_595' title='bbox 1335 2800 1401 2824; x_wconf 88' lang='lat' dir='ltr'>S—</span> <span class='ocrx_word' id='word_1_596' title='bbox 1417 2807 1458 2831; x_wconf 82' lang='lat'>31.</span> <span class='ocrx_word' id='word_1_597' title='bbox 1479 2803 1601 2824; x_wconf 83' lang='lat' dir='ltr'>castrum</span> <span class='ocrx_word' id='word_1_598' title='bbox 1621 2801 1823 2824; x_wconf 83' lang='lat' dir='ltr'>Tridentinum</span> <span class='ocrx_word' id='word_1_599' title='bbox 1844 2802 1907 2825; x_wconf 75' lang='lat'>8—</span> <span class='ocrx_word' id='word_1_600' title='bbox 1924 2809 1968 2832; x_wconf 78' lang='lat'>32.</span> 
     </span>
     <span class='ocr_line' id='line_1_53' title="bbox 132 2842 1967 2876; baseline 0 -9"><span class='ocrx_word' id='word_1_601' title='bbox 132 2843 239 2876; x_wconf 82' lang='lat' dir='ltr'>itaque]</span> <span class='ocrx_word' id='word_1_602' title='bbox 254 2845 347 2867; x_wconf 84' lang='lat' dir='ltr'>tamen</span> <span class='ocrx_word' id='word_1_603' title='bbox 370 2844 392 2868; x_wconf 76' lang='lat' dir='ltr'><em>S</em></span> <span class='ocrx_word' id='word_1_604' title='bbox 409 2856 441 2860; x_wconf 95' lang='lat'><strong>—</strong></span> <span class='ocrx_word' id='word_1_605' title='bbox 461 2851 503 2875; x_wconf 85' lang='lat'>33.</span> <span class='ocrx_word' id='word_1_606' title='bbox 523 2843 621 2868; x_wconf 83' lang='lat' dir='ltr'>Iacobi</span> <span class='ocrx_word' id='word_1_607' title='bbox 641 2845 673 2868; x_wconf 82' lang='lat' dir='ltr'>de</span> <span class='ocrx_word' id='word_1_608' title='bbox 694 2844 828 2868; x_wconf 83' lang='lat' dir='ltr'>Carraria</span> <span class='ocrx_word' id='word_1_609' title='bbox 843 2844 866 2868; x_wconf 87' lang='lat' dir='ltr'><em>S</em></span> <span class='ocrx_word' id='word_1_610' title='bbox 883 2859 914 2861; x_wconf 85' lang='lat'>—</span> <span class='ocrx_word' id='word_1_611' title='bbox 935 2852 976 2875; x_wconf 74' lang='lat'>34.</span> <span class='ocrx_word' id='word_1_612' title='bbox 997 2845 1066 2868; x_wconf 83' lang='lat' dir='ltr'>satis</span> <span class='ocrx_word' id='word_1_613' title='bbox 1087 2851 1152 2867; x_wconf 82' lang='lat' dir='ltr'>vero</span> <span class='ocrx_word' id='word_1_614' title='bbox 1175 2845 1196 2867; x_wconf 65' lang='grc'>,5</span> <span class='ocrx_word' id='word_1_615' title='bbox 1214 2856 1244 2859; x_wconf 86' lang='grc'>-</span> <span class='ocrx_word' id='word_1_616' title='bbox 1265 2842 1306 2873; x_wconf 76' lang='grc'>36.</span> <span class='ocrx_word' id='word_1_617' title='bbox 1327 2842 1521 2874; x_wconf 83' lang='lat' dir='ltr'>supradictum</span> <span class='ocrx_word' id='word_1_618' title='bbox 1541 2843 1706 2874; x_wconf 86' lang='lat' dir='ltr'>episcopum</span> <span class='ocrx_word' id='word_1_619' title='bbox 1727 2845 1874 2867; x_wconf 81' lang='lat' dir='ltr'>domiuum</span> <span class='ocrx_word' id='word_1_620' title='bbox 1897 2844 1918 2867; x_wconf 82' lang='lat' dir='ltr'><strong><em>S</em></strong></span> <span class='ocrx_word' id='word_1_621' title='bbox 1935 2857 1967 2861; x_wconf 98' lang='lat'><strong>—</strong></span> 
     </span>
     <span class='ocr_line' id='line_1_54' title="bbox 134 2885 536 2917; baseline 0.002 -8"><span class='ocrx_word' id='word_1_622' title='bbox 134 2891 174 2917; x_wconf 89' lang='lat'>37.</span> <span class='ocrx_word' id='word_1_623' title='bbox 194 2886 425 2909; x_wconf 83' lang='lat' dir='ltr'>animadvertens</span> <span class='ocrx_word' id='word_1_624' title='bbox 446 2894 493 2910; x_wconf 88' lang='lat' dir='ltr'>om.</span> <span class='ocrx_word' id='word_1_625' title='bbox 513 2885 536 2910; x_wconf 90' lang='lat' dir='ltr'><em>S</em></span> 
     </span>
    </p>
   </div>
   <div class='ocr_carea' id='block_1_14' title="bbox 217 2970 1688 3048">
    <p class='ocr_par' dir='ltr' id='par_1_14' title="bbox 217 2970 1688 3048">
     <span class='ocr_line' id='line_1_55' title="bbox 219 2970 1688 3006; baseline 0.001 -9"><span class='ocrx_word' id='word_1_626' title='bbox 219 2972 225 2987; x_wconf 82' lang='lat'><strong>¹</strong></span> <span class='ocrx_word' id='word_1_627' title='bbox 249 2974 382 3003; x_wconf 79' lang='lat' dir='ltr'>CORTUS.,</span> <span class='ocrx_word' id='word_1_628' title='bbox 405 2974 542 3002; x_wconf 71' lang='lat' dir='ltr'>Chronica,</span> <span class='ocrx_word' id='word_1_629' title='bbox 561 2973 607 3002; x_wconf 80' lang='lat' dir='ltr'>1x,</span> <span class='ocrx_word' id='word_1_630' title='bbox 631 2982 669 3006; x_wconf 82' lang='lat'>15.</span> <span class='ocrx_word' id='word_1_631' title='bbox 1161 2970 1171 2985; x_wconf 82' lang='lat'>⁸</span> <span class='ocrx_word' id='word_1_632' title='bbox 1191 2973 1234 2996; x_wconf 87' lang='lat' dir='ltr'>Cs.</span> <span class='ocrx_word' id='word_1_633' title='bbox 1257 2972 1395 3003; x_wconf 57' lang='lat' dir='ltr'>Cmvrus„</span> <span class='ocrx_word' id='word_1_634' title='bbox 1420 2974 1559 3002; x_wconf 75' lang='lat' dir='ltr'>Chronica,</span> <span class='ocrx_word' id='word_1_635' title='bbox 1579 2973 1626 3003; x_wconf 83' lang='lat' dir='ltr'>IX,</span> <span class='ocrx_word' id='word_1_636' title='bbox 1649 2979 1688 3004; x_wconf 82' lang='lat'>15.</span> 
     </span>
     <span class='ocr_line' id='line_1_56' title="bbox 217 3013 672 3048; baseline -0.002 -8"><span class='ocrx_word' id='word_1_637' title='bbox 217 3013 227 3029; x_wconf 68' lang='lat'><strong>²</strong></span> <span class='ocrx_word' id='word_1_638' title='bbox 248 3016 382 3046; x_wconf 68' lang='lat' dir='ltr'>Comus,</span> <span class='ocrx_word' id='word_1_639' title='bbox 404 3016 543 3045; x_wconf 77' lang='lat' dir='ltr'>Chronica,</span> <span class='ocrx_word' id='word_1_640' title='bbox 565 3016 611 3044; x_wconf 76' lang='lat' dir='ltr'>IX,</span> <span class='ocrx_word' id='word_1_641' title='bbox 634 3023 672 3048; x_wconf 87' lang='lat'>15.</span> 
     </span>
    </p>
   </div>
  </div>
 </body>
</html>
