2422 3684
412 239 459 274 50
784 238 956 274 GESTA
984 237 1285 274 MAGNIFICA
1315 232 1498 272 DOMUS
1529 233 1919 273 CARRARIENSIS

407 371 561 403 sentiens
585 371 704 403 mortis
727 371 882 412 proxime
907 370 1061 412 periculo
1085 369 1264 401 subiacere
1289 380 1383 400 suam
1407 369 1560 400 ultimam
1584 369 1761 401 ordinavit
1789 369 2012 402 voluntatem.
2038 367 2125 400 ·Pro
2149 369 2238 401 male

408 425 498 456 enirn
523 424 646 456 ablatis
668 425 887 456 restituendis
913 424 1130 465 consignavit
1163 430 1301 455 centum
1335 424 1428 454 milia
1460 424 1678 462 florenorum,
1710 434 1796 465 quos
1825 424 1989 456 Veneciis
2020 424 2240 464 deposuerat.

409 478 541 509 Altaria
568 478 641 509 fieri
665 484 699 509 et
723 478 886 509 ecclesias
911 477 1095 513 ordinavit,
1113 483 1146 508 et
1168 476 1334 518 precipue
1359 482 1511 507 sanctam
1528 475 1675 508 Mariam
1692 476 1827 508 Novam
1845 477 1888 508 de
1903 477 2046 508 Iudaica
2070 476 2240 508 Venecia·

407 543 494 568 rum,
519 542 619 573 quam
636 531 875 563 habundanter
899 531 1041 561 dotavit.
1083 529 1189 561 Cuius
1205 529 1400 561 testamenti
1417 537 1618 561 executores
1634 530 1722 560 santi
1738 529 1851 562 Marci
1867 536 2109 571 procuratores
2125 529 2239 572 elegit.

406 584 485 621 Hic,
509 585 731 615 sacramentis
756 583 912 615 omnibus
937 582 1083 613 ecclesie
1107 583 1250 623 sumptis
1267 593 1343 613 cum
1361 583 1552 614 devocione
1576 582 1801 623 permaxima,
1818 583 1974 614 exuentis
1997 583 2088 614 fluxu
2105 583 2162 615 die
2178 592 2240 614 xxr

407 637 527 668 marcii
552 638 595 668 ad
621 637 798 668 dominum
823 636 1002 677 expiravit,
1028 635 1122 667 cuius
1146 645 1284 677 corpus,
1307 636 1400 667 iuxta
1416 635 1600 667 ecclesiam
1617 635 1727 667 sancti
1744 635 1887 667 Antonii
1911 637 2095 677 sepultum,
2111 636 2240 667 deinde

407 691 472 722 fuit
495 691 689 722 Carrariam
714 690 925 721 translatum.
972 689 1132 730 Expense
1157 695 1270 720 autern
1292 689 1467 720 funerarie
1492 689 1632 719 fuerunt
1655 689 1755 720 trium
1782 688 1911 720 milium
1935 689 2154 720 florenorum.

502 797 560 827 150
585 796 685 836 [ἰδίη.
712 814 751 818 -—
775 796 841 826 Hic
866 794 1029 826 suburbia
1053 795 1202 827 civitatis
1226 794 1366 826 Padue¹
1393 805 1411 826 a
1434 801 1534 836 porta
1558 793 1685 826 Sancte
1710 794 1892 827 Trinitatis
1914 806 2022 837 usque
2047 795 2091 826 ad
2107 801 2241 836 portam

407 850 525 881 Pontis
547 849 652 881 Curvi
681 855 713 880 et
737 860 755 879 a
779 854 878 889 porta
903 847 996 879 Prati
1021 848 1130 879 Vallis
1153 859 1261 890 usque
1285 849 1329 880 ad
1352 854 1508 879 sanctum
1533 848 1741 880 Micliaelem
1760 848 1915 880 circuere
1940 848 2042 889 cepit,
2066 854 2118 879 set
2134 854 2242 879 morte

406 909 592 944 preventus
617 902 806 942 adimplere
833 912 899 932 non
925 902 1047 942 potuit,
1071 912 1137 943 que
1162 902 1275 933 omnia
1298 908 1375 942 post
1391 901 1496 943 ipsius
1512 901 1639 933 obitum
1658 901 1860 943 magnificus
1877 901 2035 933 dominus
2050 901 2242 933 Ubertinus

407 957 561 987 maximis
584 955 774 995 sumptibus
799 955 1009 996 procuravit.
1049 954 1144 986 Obiit
1161 961 1273 986 autem
1293 956 1393 986 etatis
1417 965 1477 986 sue
1495 965 1586 986 anno
1604 954 1869 997 quadragesimo
1893 960 2029 996 quarto.
2060 954 2129 986 Pro
2146 955 2243 986 cuius

407 1016 515 1041 morte
541 1009 696 1040 dominus
722 1007 902 1039 Bertucius
927 1007 1128 1039 Gradonico
1153 1014 1186 1039 et
1211 1007 1369 1039 Andreas
1393 1009 1608 1040 Mauroceno
1640 1008 1683 1039 de
1715 1007 1890 1045 veneciis,
1923 1013 1956 1039 et
1987 1008 2030 1038 de
2062 1007 2243 1039 Florencia

408 1062 565 1106 (pirocius
590 1062 633 1093 de
660 1061 791 1098 Bardis,
817 1061 958 1092 Alexius
983 1061 1098 1098 iudex,
1124 1061 1387 1098 ambaxiatores,
1415 1072 1478 1102 pro
1503 1067 1602 1102 parte
1626 1071 1762 1092 suorum
1788 1061 1980 1092 comunium
1999 1061 2043 1092 ad
2068 1060 2241 1092 dominum

409 1116 610 1147 Ubertinum
637 1113 788 1146 Paduam
814 1114 1087 1155 proficiscuntur,
1104 1115 1147 1145 de
1173 1114 1303 1145 domini
1329 1114 1475 1145 Marsilii
1501 1121 1609 1145 morte
1634 1120 1886 1157 conquerentes
1911 1120 1944 1145 et
1959 1113 2063 1145 vitam
2081 1124 2174 1145 suam
2199 1114 2243 1145 de

409 1168 579 1210 probitate
603 1174 637 1198 et
662 1167 836 1209 legalitate
859 1167 1144 1209 quamplurimum
1172 1166 1421 1203 collaudantes,
1454 1167 1562 1198 eciam
1596 1173 1786 1198 asserentes
1817 1167 1976 1208 predicta
2007 1167 2167 1198 comunia
2198 1165 2241 1198 de

407 1222 512 1263 ipsius
536 1221 726 1262 prudencia
751 1227 784 1252 et
800 1220 1028 1261 providencia
1053 1220 1179 1261 gaudia
1195 1220 1342 1250 maxima
1366 1220 1564 1261 percepisse
1591 1227 1624 1252 et
1640 1220 1802 1262 precipue
1827 1219 1921 1261 quod
1946 1220 1990 1251 de
2007 1220 2081 1251 eius
2097 1230 2244 1262 persona

407 1275 439 1304 in
467 1274 643 1305 dominum
676 1274 876 1314 providerat
907 1273 1028 1304 Padue
1062 1274 1206 1304 civitati.
1254 1272 1390 1309 Quibus
1421 1283 1497 1304 cum
1528 1284 1656 1304 summo
1687 1273 1837 1314 receptis
1870 1273 2013 1310 honore,
2044 1273 2245 1315 magnificus

409 1328 567 1358 dominus
591 1326 780 1357 Ubertinus
803 1327 967 1357 maximas
990 1332 1104 1368 grates
1129 1327 1209 1369 egit,
1235 1326 1393 1357 offerens
1417 1326 1505 1357 velle
1529 1335 1566 1357 se
1591 1333 1624 1357 et
1647 1332 1801 1367 paratum
1823 1327 1858 1357 in
1883 1326 2003 1357 eadem
2027 1326 2243 1357 fraternitate

405 1381 602 1422 persistere,
627 1381 661 1410 in
685 1391 752 1421 qua
776 1380 978 1422 magnificus
1003 1380 1160 1411 dominus
1184 1379 1360 1411 Marsilius
1385 1379 1498 1411 fuerat
1523 1390 1599 1412 cum
1625 1379 1829 1412 comunibus
1853 1379 2045 1411 antedictis.

942 1504 1056 1536 XXV.
1082 1522 1122 1526 ——
1148 1504 1288 1535 lacobus
1312 1508 1344 1534 et
1367 1503 1543 1535 Iacobinus
1560 1502 1707 1543 fratres.

500 1589 554 1619 151
585 1589 685 1630 [195J.
710 1608 753 1611 —
776 1589 822 1620 Ut
849 1589 990 1620 historie
1016 1589 1173 1620 ordinem
1200 1598 1362 1630 exequar,
1387 1598 1476 1619 anno
1502 1588 1633 1619 domini
1650 1587 1879 1620 MCCCXLV
1895 1588 1959 1619 filii
1980 1587 2120 1619 domino
2138 1587 2246 1619 Nico-

410 1644 461 1674 lao
487 1643 529 1673 de
556 1642 715 1673 Carraria
741 1647 991 1674 successerunt.
1038 1641 1112 1672 Viri
1140 1641 1290 1672 audaces
1323 1647 1356 1672 et
1387 1641 1576 1682 magnifici,
1607 1651 1709 1682 opum
1741 1652 1875 1673 suarum
1909 1641 2077 1680 liberales,
2109 1640 2245 1682 quibus,

2270 902 2308 932 10

2270 1166 2307 1198 15

2268 1504 2310 1534 20

408 1703 485 1727 ante
510 1696 748 1736 expulsionem
775 1695 880 1736 ipsius
904 1694 1033 1725 domini
1060 1695 1195 1726 Nicolai
1219 1701 1252 1725 et
1277 1695 1426 1735 ipsorum
1452 1695 1656 1735 capcionem
1680 1704 1743 1735 per
1768 1694 1945 1725 dominum
1971 1694 2014 1725 de
2035 1694 2244 1736 Ovestagno,
2262 1689 2269 1698 ’

408 1749 645 1790 prepolebant.
694 1749 736 1779 Hi
761 1755 874 1779 autem
908 1748 1048 1779 iuvenes
1079 1748 1249 1779 carcerati
1281 1748 1316 1778 in
1348 1748 1563 1779 Alemaniam
1595 1747 1745 1785 advecti,
1779 1747 1940 1788 optimam
1969 1747 2155 1779 iuventutis
2185 1756 2245 1778 sue

408 1803 560 1833 indolem
587 1809 761 1833 eteorum
793 1807 902 1843 gesta,
934 1812 999 1843 que
1028 1801 1219 1843 magnifica
1251 1801 1408 1839 fuissent,
1440 1801 1622 1832 ostendere
1655 1811 1722 1832 non
1752 1806 1948 1842 potuerunt,
1980 1801 2038 1843 qui
2071 1806 2105 1832 et
2136 1800 2246 1832 eciam

409 1856 553 1887 relaxati
579 1862 611 1887 et
633 1856 668 1886 in
685 1856 826 1886 civitate
843 1855 999 1892 restituti,
1017 1855 1140 1887 timore
1165 1855 1293 1894 domini
1316 1854 1490 1891 Ubertini,
1506 1855 1568 1885 sub
1587 1854 1664 1886 ocio
1681 1854 1850 1896 preterire
1868 1861 1944 1886 sunt
1961 1854 2084 1886 coacti.
2116 1853 2246 1884 Horum

408 1909 587 1940 amicicias
611 1910 738 1950 quique
764 1909 914 1940 civitatis
938 1907 1071 1939 nobiles
1094 1907 1336 1945 observabant,
1361 1918 1444 1950 quas
1468 1915 1501 1939 et
1524 1908 1591 1949 ipsi
1608 1908 1783 1949 sapienter
1799 1907 2016 1944 simulabant,
2033 1918 2076 1939 ne
2093 1917 2129 1938 se
2145 1906 2245 1938 simul

407 1963 442 1993 in
467 1962 655 1992 discrimen
680 1962 857 1992 traherent
883 1967 915 1991 et
941 1961 1077 1992 amicos.
1111 1961 1167 1992 Ad
1185 1971 1271 2002 quos
1287 1960 1352 1991 etsi
1376 1960 1505 1991 domini
1531 1959 1691 1991 Ubertini
1706 1960 1878 1992 successio
1903 1961 1946 1992 de
1962 1960 2034 1991 iure
2053 1960 2246 2001 spectabat,

409 2015 593 2047 voluerunt
617 2021 730 2045 tamen
756 2015 797 2045 de
823 2014 1014 2045 hereditate
1038 2013 1150 2050 silere,
1175 2014 1266 2050 dum,
1299 2014 1489 2055 aptitudine
1522 2013 1686 2055 temporis
1716 2013 1883 2054 inspecta,
1914 2014 1966 2045 ius
1998 2013 2151 2044 debitum
2184 2013 2249 2044 sibi

409 2069 538 2099 viribus
561 2074 783 2108 occuparent.
832 2067 936 2104 Quod
962 2077 1028 2098 non
1053 2067 1156 2109 longe
1181 2073 1258 2108 post
1283 2072 1428 2098 mortem
1459 2066 1589 2098 domini
1621 2065 1794 2104 Ubertini,
1826 2071 1864 2098 ut
1893 2066 2127 2108 prescriptum
2160 2072 2211 2098 est
2225 2065 2247 2104 ⁸,

410 2122 549 2153 felicem
575 2122 745 2152 duxerunt
768 2121 811 2151 ad
836 2121 1017 2152 effectum.

500 2228 560 2258 152
585 2227 684 2269 [197]·
712 2245 755 2249 —-
777 2227 985 2268 Compositis
1010 2236 1092 2268 ergo
1116 2226 1219 2258 rebus
1236 2237 1299 2268 per
1321 2227 1484 2259 maiorem
1511 2228 1630 2258 horum
1659 2227 1804 2259 duorum
1830 2228 1985 2264 fratrum,
2010 2233 2046 2258 ut
2070 2226 2210 2269 predixi
2224 2225 2247 2264 ³,

407 2282 519 2312 silicet
544 2292 606 2322 per
630 2281 853 2322 magnificum
878 2280 1039 2311 Iacobum
1066 2280 1109 2311 de
1134 2278 1304 2316 Carraria,
1323 2279 1397 2320 ipse
1423 2280 1570 2311 Iacobus
1594 2287 1715 2322 optans
1741 2280 1806 2311 sibi
1823 2287 1857 2311 et
1873 2279 2152 2311 successoribus⁴
2179 2279 2247 2311 suis

409 2334 597 2365 dominium
622 2334 740 2365 Padue
764 2334 940 2373 sapienter
964 2342 1183 2370 conservare,
1207 2333 1296 2363 adeo
1314 2343 1348 2363 se
1367 2333 1570 2373 humiliavit,
1596 2339 1642 2371 ut,
1658 2333 1809 2364 sociatus
1828 2332 2002 2364 nobilibus
2017 2333 2086 2364 suis
2105 2331 2248 2373 civibus,

409 2387 635 2418 Vincenciam
660 2387 709 2417 ire
735 2397 804 2418 non
828 2387 1076 2427 dedignaretur
1101 2386 1144 2417 de
1168 2386 1313 2416 consilio
1338 2391 1453 2416 tamen
1484 2386 1629 2417 Henrici
1661 2386 1703 2417 de
1734 2386 1856 2423 Lucio,
1889 2386 1931 2417 de
1964 2396 2032 2427 quo
2064 2385 2247 2427 plurimum

409 2440 618 2476 confidebat,
643 2439 699 2470 ubi
726 2449 801 2469 cum
834 2439 972 2470 domino
1005 2439 1156 2469 Mastino
1182 2438 1355 2479 colloquia
1381 2439 1500 2470 habuit
1531 2446 1677 2471 secreta.
1725 2437 1819 2475 Quid
1851 2446 1964 2470 autem
1996 2439 2085 2470 inter
2108 2449 2167 2469 eos
2191 2444 2250 2469 aut

411 2504 513 2533 super
538 2504 605 2533 quo
635 2500 816 2523 tractatum
849 2492 965 2528 fuerit,
997 2492 1186 2534 ignoratur.
1233 2491 1277 2522 Et
1309 2492 1407 2522 fuere
1441 2492 1600 2533 predicta
1633 2492 1697 2523 hec
1730 2493 1773 2523 de
1804 2503 1922 2523 mense
1955 2491 2117 2523 octubris.
2163 2491 2247 2522 Erat

413 2554 524 2577 autem
550 2547 622 2586 ipse
648 2546 850 2587 magnificus
874 2545 1020 2576 Iacobus
1043 2545 1132 2576 adeo
1156 2544 1322 2576 nobilium
1348 2545 1478 2575 amicus
1502 2552 1536 2576 et
1568 2545 1723 2586 ipsorum
1748 2556 1882 2587 semper
1914 2551 2011 2576 cetus
2035 2543 2190 2584 haberet,
2214 2550 2248 2575 et

409 2600 576 2640 precipue
602 2598 757 2634 Ilenrici,
783 2599 917 2629 Nico'm
943 2604 977 2629 et
1001 2597 1178 2629 Francisci
1202 2598 1347 2628 fratrum
1373 2597 1417 2628 de
1442 2597 1564 2629 Lucio.
1612 2599 1684 2629 Hos
1715 2599 1803 2629 adeo
1836 2598 1965 2639 dilexit,
1989 2603 2025 2628 ut
2056 2596 2191 2628 diviciis
2215 2603 2248 2628 et

500 2751 524 2773 3.
543 2742 648 2773 ordim]
669 2744 811 2773 disposuit
831 2743 852 2765 S
871 2756 901 2759 -—
922 2751 974 2775 3-4.
1003 2743 1206 2766 monasterium
1226 2743 1322 2765 sancte
1341 2741 1430 2765 Marie
1451 2742 1529 2766 Nove
1548 2742 1579 2765 de
1605 2743 1720 2766 Iudaica
1749 2742 1859 2766 ordinis
1886 2748 2031 2765 servorum
2051 2742 2084 2765 de
2105 2741 2247 2772 Veneciis,

411 2786 485 2817 quod
500 2785 696 2808 habundanter
711 2786 824 2808 dotavit
839 2788 857 2808 ὁ
875 2799 903 2801 —
920 2794 943 2816 4.
958 2786 1000 2808 sui
1016 2788 1123 2808 testam.
1138 2784 1160 2808 S
1171 2797 1203 2801 ——
1219 2783 1272 2815 8-9.
1286 2791 1302 2807 a
1316 2787 1398 2815 porta
1413 2788 1510 2807 sancte
1524 2785 1680 2808 Trinitatis
1697 2792 1783 2815 usque
1796 2784 1831 2807 ad
1847 2785 1973 2807 sanctum
1989 2783 2154 2807 Michaelem
2174 2784 2197 2808 S
2214 2799 2246 2802 —

415 2836 454 2852 ιι.
474 2832 587 2858 sumptu
608 2835 663 2850 non
686 2827 797 2851 modico
818 2828 937 2858 perfecit
955 2828 977 2851 S
995 2840 1023 2844 —
1047 2833 1085 2856 13.
1105 2834 1157 2858 pro
1177 2829 1255 2858 parte
1271 2835 1319 2850 om.
1339 2825 1362 2849 S
1379 2838 1411 2842 —-
1434 2833 1473 2857 14.
1494 2827 1638 2857 magnifici
1652 2827 1761 2850 doru'ni
1777 2826 1900 2849 Marsilii
1921 2827 2037 2849 mortem
2058 2826 2246 2850 lamentantes

412 2874 439 2894 et
459 2874 613 2894 asserentes
633 2877 682 2893 sua
703 2871 834 2892 comunia
854 2870 887 2892 dc
908 2871 996 2900 ipsius
1017 2870 1039 2894 S
1061 2882 1092 2886 —
1114 2868 1157 2893 28.
1177 2868 1343 2900 spectabant
1363 2868 1399 2891 M
1414 2880 1446 2884 —
1467 2868 1748 2902 293apertitudinen2
1768 2867 1803 2890 M
1819 2880 1851 2884 —-
1870 2866 1913 2898 38.
1933 2866 1973 2898 et]
1993 2869 2024 2890 ut
2044 2868 2067 2891 S

501 2967 509 2983 ¹
531 2968 666 2998 Comus„
689 2969 826 2997 Chronica,
848 2967 922 2998 VIH,
945 2975 966 2992 1.
1447 2962 1458 2978 ⁵
1477 2965 1548 2989 Vedi
1570 2972 1654 2997 sopra
1673 2972 1733 2997 cap.
1753 2971 1796 2996 92.

503 3010 513 3026 ²
533 3012 601 3036 Vedi
625 3019 708 3044 sopra
727 3019 786 3043 cap.
807 3019 849 3043 91,
869 3018 901 3044 9²
1447 3008 1456 3024 ⁴
1477 3009 1614 3040 Coa-rus„
1637 3010 1775 3038 Chronica,
1794 3008 1841 3040 Ix,
1862 3016 1886 3040 4.

2270 1799 2311 1831 25

2271 2066 2312 2098 30

2271 2384 2312 2416 35
