2422 3684
432 216 478 251 20
783 215 953 252 GESTA
981 216 1284 252 MAGNIFICA
1311 217 1496 253 DOMUS
1524 218 1912 255 CARRARIENSIS

424 355 628 382 testamento
653 352 794 383 condito
817 351 910 393 si[bi]
934 362 1167 384 successorem
1193 352 1301 384 voluit
1325 353 1531 384 avunculum
1560 365 1656 385 suum
1681 354 1899 394 magnificum
1931 353 2104 386 dominum
2136 352 2260 385 Marsi-

428 403 507 434 lium
534 404 577 435 de
601 404 772 441 Carraria,
797 407 852 437 cui
876 411 996 447 postea
1019 406 1188 437 successit
1211 406 1415 448 magnificus
1439 407 1596 438 dominus
1620 406 1819 438 Ubertinus.
1865 407 1941 439 Hac
1964 407 2182 439 successione
2207 407 2258 438 di—

427 457 587 488 scordia¹
612 458 704 499 cepit
728 458 817 490 inter
840 459 1033 500 predictum
1059 458 1234 490 dominum
1264 459 1470 492 Ubertinum
1503 466 1537 490 et
1568 460 1678 501 ipsum
1713 459 1945 497 Guilielmum,
1977 465 2139 501 nepotem
2172 459 2259 491 dicti

427 510 555 541 domini
579 511 730 549 Tisonis‚
755 518 961 544 asserentem
987 511 1217 543 hereditatem
1241 512 1366 544 avitam
1391 523 1433 544 ex
1456 518 1660 544 testamento
1686 513 1814 545 domini
1838 513 1977 545 Tisonis
1999 513 2033 543 in
2057 524 2094 544 se
2110 512 2261 544 totaliter

426 562 635 596 devolutam.
681 565 733 596 Ex
757 576 824 607 quo
848 576 911 607 pro
934 564 1086 596 tollenda
1111 565 1204 597 inter
1226 567 1401 607 predictos
1426 566 1624 598 discordia²
1649 573 1796 598 castrum
1822 565 1938 598 Sancti
1956 566 2051 598 Petri
2070 576 2133 608 per
2149 565 2257 597 domi·
2304 564 2322 596 5

426 628 505 647 num
531 615 748 649 Guilielmum
773 618 873 650 datur
897 618 1039 650 Venetis
1063 619 1340 657 custodiendum,
1365 620 1443 651 dum
1469 629 1532 660 per
1557 619 1732 650 dominum
1758 620 1882 651 ducem
1907 625 1942 651 et
1965 629 2111 651 comune
2143 618 2258 650 Vene-

428 670 555 701 ciarum
583 671 689 703 fuerit
713 672 756 703 de
782 672 934 713 parcium
959 672 1089 703 iuribus
1112 673 1340 705 terminatum.
1386 673 1430 704 Et
1454 673 1521 704 hoc
1546 673 1612 704 fuit
1641 673 1676 704 in
1708 672 2059 704 MCCCXXXVIIII.
2105 672 2144 703 In
2168 681 2259 702 anno

427 733 507 755 vero
532 725 690 766 sequenti
713 725 854 756 illustris
878 725 1035 757 dominus
1059 725 1264 758 Franciscus
1288 726 1447 758 Dandulo
1461 726 1484 764 ³,
1509 727 1579 758 dux
1601 726 1846 763 Veneciarum‚
1862 725 2123 758 sentencialiter
2139 724 2260 756 diffini-

426 776 475 808 vit
499 777 592 819 quod
619 784 764 809 castrum
790 778 909 810 Sancti
935 778 1029 809 Petri
1056 789 1134 810 cum
1159 779 1232 810 eius
1257 780 1354 810 curia
1378 779 1535 811 dominus
1557 779 1748 812 Ubertinus
1772 779 1915 811 haberet
1938 785 1972 811 et
1996 778 2154 811 dominus
2179 777 2260 810 Gui-

427 830 560 861 lielmus
584 831 751 873 reliquam
776 831 905 863 domini
929 831 1065 863 Tisonis
1088 832 1253 864 retineret
1277 833 1515 866 hereditatem.
2287 830 2324 862 10

517 929 568 959 64.
605 928 705 969 [168]
736 947 779 950 —
813 929 889 969 [D]e
922 929 1066 961 consilio
1100 929 1273 968 magnifici
1307 930 1437 962 domini
1469 930 1614 962 Marsilii
1647 931 1690 962 de
1722 929 1918 967 Carraria⁴‚
1949 929 2103 961 dominio
2139 928 2258 960 Padue

430 981 596 1012 existente
622 982 683 1013 sub
708 983 853 1014 dominis
878 982 955 1013 dela
980 983 1093 1020 Scala,
1108 983 1264 1015 dominus
1280 983 1469 1015 Ubertinus
1487 985 1711 1025 desponsavit
1728 984 1901 1016 dominam
1927 983 2136 1021 Iacobinam,
2153 982 2255 1014 filiam

429 1033 558 1065 domini
583 1034 731 1067 Simonis
747 1036 789 1067 de
807 1036 975 1073 Corriffia,
993 1036 1152 1068 avunculi
1171 1037 1403 1077 predictorum
1423 1038 1636 1069 dominorum
1663 1037 1742 1069 dela
1766 1037 1880 1070 Scala.
1928 1036 2062 1074 Quibus
2079 1037 2122 1068 de
2139 1036 2259 1068 Padua

427 1088 587 1129 expulsis,
620 1089 777 1120 dominus
806 1089 1006 1127 Uberfinus,
1039 1100 1195 1121 asserens
1219 1100 1254 1121 se
1282 1089 1405 1122 timore
1436 1089 1651 1122 dominorum
1685 1091 1762 1122 dela
1793 1089 1897 1122 Scala
1928 1090 2054 1122 dictam
2087 1089 2261 1121 dominam

429 1141 655 1182 desponsasse
683 1143 774 1174 nulla
806 1144 919 1176 adhuc
950 1150 1064 1175 tamen
1095 1149 1211 1175 secuta
1243 1143 1369 1184 copula
1394 1144 1535 1180 carnali,
1568 1155 1588 1175 a
1613 1144 1709 1176 dicto
1732 1144 1873 1175 vinculo
1907 1143 2095 1175 absolvitur
2119 1149 2255 1175 senten·
2282 1141 2319 1174 15

430 1194 484 1225 cia
507 1194 672 1226 iudiciali.
722 1196 857 1227 Deinde
882 1197 1003 1228 eodem
1036 1196 1230 1230 millesimo,
1254 1195 1387 1227 scilicet
1412 1196 1620 1234 MCCCXL,
1652 1196 1708 1228 die
1740 1206 1847 1228 xxrm
1879 1196 2008 1237 aprilis,
2039 1195 2256 1237 magnificam

429 1247 603 1278 dominam
629 1249 763 1279 Annam
791 1250 833 1281 de
858 1249 1061 1285 Nialeteslis,
1088 1250 1129 1280 (le
1157 1249 1324 1287 Arimino,
1349 1249 1536 1290 expulsam,
1555 1249 1651 1280 duxit
1667 1259 1806 1282 uxorem
1820 1249 1841 1281 ⁵.
1878 1250 1987 1281 Huius
2004 1249 2139 1281 domine
2158 1247 2259 1279 Anne

428 1306 598 1340 patruum,
623 1302 760 1333 nomine
787 1303 1022 1334 Ferrantinum
1049 1303 1091 1333 de
1116 1302 1318 1341 Maletestis,
1344 1303 1502 1334 dominus
1526 1301 1721 1339 Maletesta,
1745 1303 1870 1334 auxilio
1899 1302 2156 1339 Perusinorum,
2185 1301 2258 1332 illo-

428 1364 501 1384 rum
528 1354 570 1384 de
596 1354 745 1386 Forlivio
771 1361 804 1386 et
827 1355 871 1387 de
896 1356 1078 1391 Ravenna,
1091 1356 1278 1386 incluserat
1302 1356 1336 1387 in
1363 1361 1476 1386 castro
1500 1356 1660 1397 quodam,
1684 1362 1811 1388 vocato
1834 1356 2036 1392 Mondaino,
2061 1361 2111 1386 set
2134 1355 2168 1386 in
2187 1354 2260 1386 eius

431 1407 592 1437 auxilium
616 1408 818 1449 magnificus
844 1410 1000 1441 dominus
1024 1409 1214 1441 Ubertinus
1246 1409 1336 1440 misit
1368 1409 1538 1451 quendam
1571 1419 1668 1440 suurn
1700 1409 1916 1446 familiarem,
1948 1409 2057 1441 civem
2086 1415 2260 1450 patavum,
2284 1407 2326 1438 20

430 1461 568 1491 nomine
592 1461 780 1492 Iohannem
807 1473 825 1492 a
847 1461 976 1493 Sancta
1001 1462 1125 1498 cruce,
1150 1463 1219 1504 qui,
1244 1473 1323 1493 mox
1347 1462 1555 1504 stipendiato
1586 1463 1742 1494 exercitu
1772 1463 1991 1504 permaximo
2021 1461 2260 1493 Theotonico-

429 1524 503 1544 rum
529 1520 562 1544 et
584 1513 796 1550 Latinorum,
821 1516 920 1546 simul
946 1526 1023 1547 cum
1049 1516 1178 1547 comite
1203 1516 1328 1547 Urbini
1354 1522 1476 1547 contra
1501 1516 1675 1547 dominum
1701 1516 1919 1548 Maletestam
1944 1515 2106 1557 perduxit
2130 1515 2261 1546 exerei-

430 1573 499 1597 tum
524 1567 648 1607 ipsum,
672 1578 771 1609 quem
797 1569 839 1600 de
865 1579 987 1610 campo
1013 1569 1156 1609 fugavit,
1183 1570 1224 1600 sie
1249 1570 1318 1600 suis
1342 1570 1454 1609 captis
1472 1575 1506 1601 et
1528 1570 1714 1610 peremptis
1739 1570 1834 1601 circa
1857 1568 2095 1600 Theotonicos
2111 1574 2260 1600 centum.

431 1618 488 1651 Sic
506 1626 653 1651 castrum
670 1621 850 1652 Mondaini
869 1621 910 1653 ab
929 1622 1108 1654 obsidione
1132 1623 1307 1654 liberatur.
1354 1623 1490 1654 Deinde
1506 1623 1679 1654 Iohannes
1703 1623 1879 1663 predictus
1903 1633 1980 1654 cum
1996 1621 2165 1663 predictis
2181 1631 2261 1664 gen-

430 1673 520 1704 tibus
545 1675 672 1705 domini
698 1674 859 1706 Ubertini
883 1675 1071 1707 Veruclum
1097 1683 1129 1707 et
1147 1677 1212 1707 alia
1230 1682 1342 1707 castra
1366 1676 1569 1718 quamplura
1594 1676 1810 1719 oppugnavit
1827 1682 1860 1708 et
1875 1675 1985 1716 cepit;
2010 1675 2129 1707 Penna
2153 1675 2271 1706 sancti'
2287 1673 2327 1706 25

430 1726 569 1764 Marini,
601 1734 748 1759 castrum
783 1729 913 1768 grande
939 1735 972 1760 et
1000 1729 1233 1767 fortissimum,
1265 1729 1406 1761 domino
1438 1729 1608 1761 Ubertino
1639 1729 1814 1761 subicitur.
1862 1728 1997 1767 Quibus
2027 1729 2076 1759 sic
2114 1728 2265 1760 feliciter

432 1781 549 1821 gestis,
575 1781 748 1812 Iohannes
772 1781 845 1822 ipse
871 1792 889 1812 a
914 1781 1043 1813 Sancta
1067 1782 1193 1819 cruce,
1218 1783 1339 1813 levatis
1362 1782 1540 1813 banderiis
1565 1782 1693 1814 domini
1717 1781 1889 1819 Uberum,
1914 1787 2034 1813 contra
2070 1781 2265 1812 Ariminum

431 1833 593 1874 perduxit
618 1833 818 1869 exercitum,
843 1834 898 1865 ubi
925 1835 1015 1866 intra
1040 1846 1154 1866 muros
1179 1835 1354 1866 dominum
1378 1835 1596 1866 Maletestam
1622 1835 1771 1872 inclusit,
1795 1844 1863 1866 non
1888 1845 2003 1865 ausum
2029 1845 2105 1865 cum
2129 1833 2197 1865 suis
2220 1833 2266 1865 ad

432 1897 582 1929 pugnam
608 1887 713 1917 exire.
760 1887 892 1918 Ultimo
926 1894 1039 1918 tamen
1072 1899 1134 1929 per
1164 1887 1324 1920 dominos
1354 1888 1572 1919 Maletestam
1601 1893 1635 1919 et
1668 1887 1907 1919 Ferrantinum
1940 1887 2006 1919 fuit
2038 1887 2080 1918 de
2109 1886 2266 1918 omnibus

433 1950 551 1971 eorum
576 1940 822 1972 controversiis
846 1941 880 1971 in
904 1941 1121 1981 magnificum
1149 1941 1326 1972 dominum
1354 1940 1558 1972 Ubertinum
1585 1947 1619 1972 et
1643 1940 1870 1983 Oppiconem,
1895 1940 2129 1971 marchionem
2155 1945 2267 1971 esten-
2291 1939 2333 1970 30

432 2003 515 2030 sem,
541 1992 647 2023 libere
671 1993 965 2033 compromissum.

521 2089 572 2120 65.
598 2090 699 2130 [lO‘Jl.
724 2108 763 2111 —
790 2089 949 2130 [E]odem
982 2101 1071 2122 anno
1097 2090 1162 2122 fuit
1192 2090 1361 2132 penuria⁶
1389 2090 1600 2132 permaxima
1631 2089 1797 2121 furmenti
1827 2090 1862 2121 in
1894 2089 2034 2121 civitate
2067 2089 2194 2127 padue,
2224 2099 2268 2120 ex

436 2153 504 2184 quo
529 2143 731 2184 magnificus
756 2144 914 2173 dominus
936 2142 1127 2174 Ubertinus
1152 2144 1362 2174 furmentum
1388 2143 1535 2175 conduci
1553 2142 1638 2174 fecit
1656 2143 1698 2174 de
1723 2142 1878 2183 partibus
1903 2142 2040 2180 Suavie,
2065 2142 2159 2184 quod
2182 2141 2266 2173 civi-

431 2197 493 2227 bus
516 2198 584 2227 suis
608 2196 689 2226 satis
715 2196 837 2226 minori
864 2196 982 2236 precio
1008 2196 1103 2227 dedit
1126 2207 1228 2237 quam
1253 2196 1397 2237 recepit.

522 2295 573 2324 60.
599 2293 699 2333 [lJtlJ.
729 2312 763 2314 —
791 2293 1012 2333 [Vjitalianus
1037 2294 1149 2325 Dente
1164 2296 1185 2330 ⁷,
1212 2293 1298 2324 filius
1323 2293 1483 2325 Guilelmi
1516 2293 1639 2329 Dente,
1671 2302 1805 2324 veneno
1837 2293 2037 2334 procuravit
2068 2293 2265 2324 interficere
2289 2289 2329 2324 35

435 2347 608 2378 dominum
641 2346 855 2378 Ubertinum.
903 2347 1026 2378 Sciens
1059 2347 1148 2378 enim
1180 2347 1351 2377 medicum
1387 2347 1560 2387 quendam
1592 2347 1633 2376 de
1665 2345 1829 2377 Veneciis
1860 2346 2104 2377 amicissimum
2136 2345 2265 2377 domini

434 2399 605 2435 Uberum,
629 2410 705 2430 cum
730 2400 878 2440 quodam
895 2399 968 2430 eius
986 2399 1158 2436 familiari,
1182 2399 1292 2430 inscio
1314 2399 1409 2430 dicto
1428 2399 1576 2435 medico,
1594 2404 1778 2430 tractatum
1803 2397 1923 2429 habuit
1947 2399 2088 2430 mictere
2106 2398 2266 2439 predicto

435 2454 574 2485 domino
600 2452 767 2484 Ubertino
794 2460 889 2493 parte
915 2452 996 2483 dicti
1023 2452 1151 2484 medici
1178 2452 1323 2494 quedam
1350 2461 1475 2493 magna
1507 2451 1630 2482 exenia
1657 2461 1734 2483 cum
1767 2451 2046 2483 confectionibus
2075 2451 2267 2490 venenatis,

435 2517 500 2549 que
526 2506 646 2537 exenia
676 2506 854 2536 familiaris
885 2506 1059 2546 predictus
1091 2505 1237 2546 accepit.
1282 2504 1343 2535 Set
1374 2504 1528 2536 Paduam
1562 2504 1712 2542 veniens,
1743 2510 1944 2545 presentare
1977 2504 2088 2536 subito
2126 2514 2167 2535 ea
2195 2514 2267 2536 non

523 2628 546 2646 2.
564 2623 609 2645 cui
632 2621 751 2644 domino
772 2621 902 2644 Mzirsilio
925 2623 947 2643 S
964 2635 995 2638 —
1017 2629 1040 2651 4.
1060 2621 1247 2653 suprascripti
1267 2621 1376 2644 domini
1399 2620 1421 2644 S
1439 2634 1470 2637 —
1491 2625 1513 2650 5.
1535 2620 1742 2643 devolvendam
1761 2620 1783 2643 S
1802 2634 1834 2637 -
1852 2619 1876 2644 8.
1897 2621 2027 2645 dominus
2047 2620 2180 2644 dominus
2200 2621 2265 2646 S—

440 2670 478 2694 15.
499 2665 622 2687 solvitur
644 2665 666 2687 ὅ
684 2677 714 2679 --
739 2663 777 2685 16.
799 2663 898 2694 aprilis
921 2664 993 2686 idem
1015 2664 1147 2687 (lominus
1169 2662 1324 2686 Ubertinus
1344 2664 1366 2686 S
1383 2675 1414 2679 —
1438 2661 1477 2686 18.
1497 2670 1558 2685 cum
1578 2662 1690 2685 auxilio
1713 2664 1734 2685 ὅ
1752 2676 1783 2678 —
1806 2668 1847 2686 22.
1867 2663 1950 2686 duxlt
1965 2663 2029 2687 S—
2046 2668 2085 2694 23.
2100 2669 2180 2693 quem
2201 2669 2267 2686 mox

435 2707 457 2729 S
475 2719 482 2723 -
504 2704 618 2738 perem.]
639 2705 778 2736 preceptis
799 2704 822 2728 S
840 2719 869 2721 *-
892 2711 933 2734 23.
953 2705 1098 2735 magnifici
1118 2705 1228 2729 domini
1250 2704 1273 2728 S
1290 2717 1300 2722 -
1320 2704 1486 2736 quamplura
1507 2703 1617 2727 domini
1636 2704 1782 2727 Malatoste
1803 2704 1868 2728 8-
1884 2711 1925 2736 29.
1945 2704 2077 2728 ultimate
2095 2703 2161 2728 S—
2175 2710 2265 2736 3²·33·

437 2749 576 2772 existente
595 2747 719 2771 Paduam
741 2747 874 2770 frumenti
897 2749 1015 2778 penuria
1035 2749 1209 2779 permaxima
1229 2747 1396 2778 magnificus
1416 2746 1437 2770 S
1454 2760 1484 2764 —-
1504 2753 1547 2777 34.
1567 2745 1684 2778 recepit]
1705 2749 1808 2770 emerat
1828 2748 1888 2778 ipse
1902 2747 1968 2771 S—
1981 2754 2023 2778 39.
2037 2748 2152 2778 accepta
2165 2747 2266 2770 exenia

398 2798 410 2822 5
441 2792 600 2822 presentare
622 2789 644 2812 S

526 2878 534 2893 ²
555 2878 692 2905 Comus„
716 2876 852 2904 Chronica.
876 2878 947 2907 VIII,
971 2885 991 2902 1.
1470 2875 1480 2890 ⁴
1502 2876 1636 2903 Comus..
1659 2878 1798 2906 Chronica,
1816 2876 1891 2906 VIlI,
1910 2883 1935 2908 3.
2298 2882 2331 2901 ιο

524 2918 534 2934 ⁴²
556 2920 694 2947 Cowrua,
717 2920 854 2945 Chronica,
877 2919 937 2947 VII,
961 2927 1006 2950 10:
1027 2919 1101 2947 VIII,
1124 2926 1145 2943 1.
1469 2916 1480 2932 ⁵
1500 2918 1636 2945 CORTUS„
1659 2919 1796 2946 Chronica,
1817 2918 1889 2949 VIII,
1910 2925 1934 2949 3.

527 2960 537 2975 ³
558 2962 694 2988 Com-11³„
717 2962 854 2987 Chr-annm,
876 2962 948 2988 Vlll,
972 2969 998 2984 i:
1021 2964 1031 2973 *⁴
1047 2962 1100 2985 Pro
1114 2962 1190 2985 bono
1204 2961 1283 2993 parls
1297 2961 1327 2984 in
1469 2958 1480 2973 ⁶
1500 2960 1632 2987 CORTUS„
1654 2961 1791 2989 Chronica,
1809 2959 1883 2986 VIII.
1905 2967 1929 2991 3.

434 3006 445 3017 ⁴‘
463 3011 539 3027 anno
561 3004 729 3035 sequenti...
742 3021 748 3027 .
769 3004 981 3027 sententialiter
1001 3004 1132 3027 definivit
1152 3007 1235 3034 etc.„.
1471 3000 1481 3016 ⁷
1502 3002 1635 3030 Com-cs„
1657 3002 1795 3030 Chronica,
1816 3001 1888 3032 VIII,
1908 3009 1932 3033 4.
