2422 3684
424 253 493 286 102
769 251 942 286 GESTA
973 251 1278 286 MAGNJFICA
1307 251 1492 286 DOMUS
1522 250 1911 286 CARRARIENSIS

738 384 879 417 REDAZ.
902 384 934 417 A

411 457 498 488 viam
531 463 661 488 rectam
692 457 728 488 in
760 457 1007 489 bononiensem
1044 456 1253 488 comitatum.

413 509 548 547 Quibus
570 510 691 541 diebus
714 516 805 541 terra
829 510 950 542 Ghede
983 509 1161 541 districtus
1185 509 1254 540 bri-

410 563 539 594 xiensis
561 574 598 594 se
622 563 781 604 gentibus
797 563 894 594 dedit
910 562 1173 604 magnificorum
1192 563 1252 594 do-

411 616 579 647 minorum
604 617 647 647 de
671 616 834 647 Carraria
866 623 899 647 et
930 616 1008 647 dela
1040 615 1153 653 Scala,
1184 626 1250 657 que

410 669 494 700 illuc
518 669 768 710 equitaverant.
786 675 820 700 et
836 679 924 710 aqua
940 669 975 699 in
992 673 1100 699 totum
1119 668 1249 700 civitati

410 722 527 753 Brixie
557 721 672 753 ablata
704 722 780 759 fuit,
812 722 905 752 iuxta
939 731 1041 763 quam
1070 730 1134 763 per
1165 722 1250 753 duas

410 775 586 806 balistatas
608 785 693 817 gens
717 775 875 806 Ecclesie
901 781 933 806 et
964 775 1115 816 ipsorum
1139 774 1249 806 domi-

409 838 531 859 norum
554 828 587 858 in
612 828 689 859 loco
714 827 833 859 Sancti
858 827 1039 859 Eustachii
1063 834 1249 860 castrume:

410 887 479 912 tata
503 888 645 923 propter
668 881 869 912 victualium
892 881 1071 923 penuriam
1089 891 1247 923 campum

409 941 541 966 mutare
565 940 687 966 coacta
711 940 772 966 est.

497 1138 571 1169 228.
601 1155 640 1159 -
673 1137 725 1168 De
756 1147 873 1169 mense
901 1143 1012 1169 autem
1040 1139 1248 1178 novembris,

407 1192 492 1222 inito
518 1197 663 1222 tractatu
687 1190 851 1222 maiorum
870 1191 1061 1233 aliquorum
1077 1191 1153 1232 ripe
1178 1192 1247 1224 bri-

406 1245 532 1276 xiensis
556 1254 633 1275 cum
659 1244 798 1276 domino
817 1244 894 1275 dela
910 1244 1024 1283 Scala,
1041 1246 1097 1286 qui
1114 1246 1148 1276 in
1171 1246 1246 1278 lacu

407 1298 511 1329 multa
535 1296 685 1329 habebat
710 1298 857 1339 navigia,
874 1298 1037 1330 videlicet
1055 1300 1247 1342 gancerias,

407 1351 475 1383 duo
500 1362 543 1382 ex
566 1351 640 1392 ipsa
663 1351 792 1392 riperia
816 1358 928 1384 castra
956 1352 1181 1391 rebellarunt,
1204 1353 1246 1384 si-

407 1405 489 1436 licet
520 1404 586 1435 **²³‘.
644 1404 820 1436 Salodiutn
857 1411 969 1436 autem
1005 1405 1097 1438 bello
1132 1417 1248 1448 agres-

405 1459 443 1495 si,
468 1458 561 1500 quod
586 1457 714 1489 habere
738 1458 933 1498 sperabant,
957 1459 1093 1490 minime
1118 1459 1247 1492 habere

406 1517 601 1553 potuerunt,
626 1511 671 1542 ad
696 1512 791 1542 cuius
822 1512 1024 1553 capcionem
1050 1513 1247 1555 equitarunt

405 1571 524 1605 gentes
549 1565 724 1607 magnifici
750 1565 880 1596 domini
905 1566 1081 1597 Francisci
1099 1566 1247 1598 senioris

405 1618 447 1649 de
471 1618 642 1655 Carraria,
666 1629 731 1659 que
756 1618 789 1649 in
814 1617 1147 1661 Summacampagna
1163 1626 1245 1651 tunc

405 1671 610 1713 residebant,
635 1671 787 1713 quinimo
811 1682 879 1703 non
903 1672 1010 1704 multo
1035 1679 1109 1713 post
1127 1680 1247 1715 gentes

403 1725 508 1766 ipsius
533 1726 665 1757 domini
689 1725 766 1756 dela
792 1725 895 1757 Scala
923 1726 1120 1758 conflictum
1146 1737 1245 1768 passe

405 1785 481 1809 sunt
495 1779 734 1816 Brixiensium,
748 1785 784 1810 ut
796 1779 939 1821 vulgare
953 1786 1013 1817 est,
1027 1780 1245 1822 prodicione.

404 1831 448 1863 Et
472 1832 537 1863 hec
561 1832 703 1863 fuerunt
728 1833 770 1863 de
795 1844 911 1864 mense
936 1833 1142 1865 novembris.
1278 1824 1279 1869 l

491 1939 566 1970 229.
595 1957 621 1960 —
643 1939 777 1970 Eodem
795 1950 922 1976 mense,
939 1940 1170 1973 Innocencius
1186 1953 1246 1983 pa-

404 2003 447 2032 pa
471 1998 587 2023 sextus
611 1998 753 2034 propter
781 1992 920 2023 nimiam
953 1993 1244 2035 importunitatem

404 2045 534 2077 domini
560 2046 782 2084 Bernabonis,
807 2057 869 2087 per
892 2047 1144 2079 ambaxiatores
1167 2059 1246 2080 suos
1278 2054 1280 2095 1

404 2110 528 2140 papam
554 2100 663 2140 ipsum
690 2100 731 2131 de
748 2111 834 2141 pace
851 2101 1070 2142 requirentiS,
1094 2103 1184 2133 misit
1202 2103 1245 2134 ad
1278 2108 1279 2138 1

405 2153 501 2184 Italie
526 2160 642 2194 partes
667 2154 816 2196 legatum
850 2155 1021 2196 quendam
1054 2166 1131 2187 cum
1165 2167 1246 2187 con-
1278 2145 1280 2151 Ι

404 2216 503 2237 sensu
528 2213 641 2237 tamen
667 2207 919 2249 colligatorum⁷
946 2215 1042 2240 certo
1068 2209 1169 2240 etiam
1190 2219 1247 2240 or-
1279 2215 1280 2255 1

405 2260 484 2290 dine
510 2260 682 2291 servando
714 2260 747 2290 in
779 2261 854 2301 ipsa
884 2271 1136 2302 processurum,
1169 2273 1245 2294 cum
1278 2295 1280 2302 Α

405 2323 473 2353 quo
498 2313 612 2355 legato
642 2313 743 2344 etiam
770 2314 859 2345 misit
875 2314 984 2345 virum
1010 2316 1183 2356 quendam
1201 2315 1248 2348 le—

403 2377 481 2407 gum
507 2365 666 2407 peritum,
692 2366 874 2398 Nicolaum
907 2367 1054 2408 Spinelli
1079 2368 1123 2399 de
1155 2369 1245 2401 Nea-

405 2418 489 2459 poli,
512 2429 588 2450 cum
615 2418 716 2459 plena
741 2430 830 2460 pape
855 2419 1050 2452 intencione
1082 2420 1164 2453 inde
1199 2423 1244 2454 ad

404 2471 643 2513 colligatorum
667 2472 847 2513 presencia
871 2478 1052 2505 venturum
1075 2485 1116 2506 ac
1140 2475 1243 2506 etiam

405 2525 616 2555 locuturum:
641 2525 703 2555 sub
728 2525 837 2556 forma
870 2526 976 2567 legati
1007 2526 1137 2558 domini
1162 2528 1245 2559 Ber-

404 2577 548 2608 nabovis
580 2588 648 2608 non
682 2578 854 2610 debebant
887 2579 1007 2616 audiri,
1037 2580 1100 2611 nisi
1132 2581 1243 2622 primo

402 2631 510 2670 ipsius
534 2631 664 2662 domini
688 2631 900 2662 Bernabonis
923 2634 1010 2664 scita
1034 2633 1243 2665 intencione.
1276 2635 1277 2676 1

404 2684 474 2714 Sed
496 2683 534 2714 in
559 2683 624 2715 hoc
641 2684 740 2714 aliter
756 2695 955 2724 processum
973 2693 1033 2718 est.
1066 2687 1153 2717 Nam
1171 2687 1243 2728 ipse
1276 2677 1277 2716 l

402 2736 561 2767 dominus
586 2736 764 2768 Bernabos
787 2737 1043 2771 ambaxiatores
1059 2750 1138 2771 suos
1154 2741 1244 2772 misit
1274 2777 1276 2785 y

402 2788 445 2820 ad
464 2790 610 2831 legatum
628 2789 818 2830 requirens,
837 2797 1004 2832 quatenus
1021 2792 1153 2833 legatus
1169 2793 1243 2834 ipse
1274 2792 1276 2827 ζ

401 2842 545 2884 singulis
557 2842 726 2874 scriberet
743 2844 921 2886 colligatis,
941 2846 1032 2886 quod
1049 2856 1151 2887 super
1167 2857 1244 2887 pro-

404 2905 500 2926 cessu
525 2895 623 2936 pacis
645 2906 723 2926 suos
741 2898 783 2927 ad
801 2897 911 2937 ipsum
930 2899 1111 2929 mictorent
1128 2898 1243 2930 amba·
1275 2907 1276 2931 1

404 2948 563 2978 xiatores.
610 2948 690 2985 Quo
713 2950 853 2979 tandem
881 2960 955 2980 cum
991 2951 1134 2982 tidancia
1167 2962 1243 2993 per·
1274 2954 1275 2957 ’

403 3001 524 3037 ventis,
550 3012 611 3042 pro
637 3013 703 3043 qua
729 3003 888 3035 habenda
906 3004 1082 3036 hincinde
1099 3005 1241 3036 multum
1274 2994 1275 3036 l

1317 886 1355 917 10

1314 1203 1350 1234 15

1309 1733 1350 1766 25

1276 2576 1371 2628 γ4οἶ

1274 2838 1369 2879 ³45=

1741 384 1880 416 REDAz.
1904 383 1940 415 D

1417 465 1549 497 aconco
1564 455 1632 486 alla
1647 461 1751 498 gente
1776 454 1834 486 del
1850 455 1946 486 dicto
1963 454 2083 486 mesier
2100 454 2257 487 Bernabo

1415 519 1434 539 a
1457 508 1570 551 vignir
1594 508 1639 539 da
1661 507 1784 539 Parma
1807 518 1871 549 per
1893 508 1927 538 la
1952 507 2005 539 via
2030 507 2150 539 drecta
2172 508 2206 539 in
2222 509 2256 540 lo

1413 562 1515 593 conta
1540 561 1583 593 de
1600 561 1767 603 Bologna.
1799 560 1883 593 Item
1900 561 1934 591 in
1951 561 2048 602 quilli
2066 561 2101 593 di
2119 560 2152 592 13
2167 567 2257 593 terra

1414 615 1458 646 de
1479 613 1592 646 Ghedi
1609 613 1666 645 del
1683 615 1857 646 destrecto
1874 615 1917 645 de
1936 613 2046 646 Brexa
2063 625 2098 645 se
2116 615 2170 645 de'
2186 614 2253 646 alle

1411 673 1513 710 gente
1536 667 1596 708 [di]
1620 667 1817 709 magnifichi
1841 667 1968 709 signori
2001 667 2124 699 mesier
2148 668 2255 699 Fran-

1411 730 1514 752 cesco
1538 720 1581 751 da
1605 720 1752 752 Carrara
1775 726 1809 751 et
1837 720 1916 762 quel
1941 720 2034 752 dalla
2057 719 2172 758 Scala,
2190 721 2254 752 che

1410 774 1523 805 havea
1547 772 1715 805 cavalcha
1746 772 1788 811 13,
1820 780 1854 806 et
1883 773 1996 815 l’aqua
2027 774 2061 805 in
2093 780 2183 806 tutto
2217 775 2253 806 fo

1410 827 1497 859 tolta
1519 837 1539 857 a
1563 825 1686 863 Brexa,
1710 836 1852 867 api-esso
1878 827 1908 858 la
1932 827 2011 869 qual
2040 837 2103 868 per
2126 827 2172 859 do
2195 827 2256 859 ba-

1409 879 1558 912 lestrade
1586 890 1644 911 era
1668 890 1688 910 a
1706 889 1828 921 campo
1847 879 1878 910 la
1895 885 1998 921 gente
2016 879 2108 911 dalla
2125 879 2254 912 Ghiesa

1409 939 1444 964 et
1466 933 1503 965 di
1527 932 1612 965 dicti
1636 931 1766 975 signori
1797 932 1833 963 in
1861 932 1894 964 lo
1927 932 2030 974 luogo
2056 933 2099 964 de
2125 932 2254 964 Sancto

1410 985 1597 1018 Eustachio
1621 991 1655 1017 et
1685 995 1745 1026 per
1777 985 1914 1017 caristia
1945 986 1989 1016 de
2022 985 2186 1017 victuarie
2217 985 2253 1018 fo

1409 1044 1607 1071 constrecta
1630 1049 1650 1070 a
1673 1038 1792 1070 mudar
1821 1047 1952 1079 campo·

1496 1146 1570 1177 228.
1595 1163 1635 1168 —
1660 1146 1725 1177 Del
1749 1156 1841 1177 mese
1867 1145 1911 1177 de
1935 1145 2128 1177 novembre
2146 1144 2252 1178 habu-

1408 1199 1453 1231 do
1477 1199 1634 1230 tractado
1660 1198 1763 1242 aigun
1795 1199 1838 1230 de
1870 1198 1975 1230 maori
2009 1199 2099 1230 della
2126 1198 2252 1232 riviera

1409 1253 1443 1284 di
1468 1252 1579 1283 Brexa
1604 1262 1669 1283 con
1693 1252 1704 1283 i
1728 1251 1855 1294 signori
1885 1251 1977 1283 dalla
2002 1252 2114 1290 Scala,
2131 1252 2250 1295 i-quali

1407 1306 1518 1336 havea
1534 1305 1628 1336 molti
1646 1304 1750 1336 navili
1766 1304 1801 1336 in
1818 1305 1850 1337 lo
1868 1305 1956 1349 lago,
1974 1305 2035 1348 coe
2057 1315 2094 1337 so
2110 1306 2252 1348 gancie-

1408 1368 1456 1396 re,
1473 1358 1518 1390 do
1542 1357 1676 1390 castelli
1700 1358 1792 1390 della
1816 1358 1910 1391 dicta
1934 1359 2060 1391 riviera
2076 1359 2208 1391 rebello
2232 1371 2251 1392 a

1406 1422 1518 1443 meser
1543 1410 1702 1442 Bernabb
1729 1417 1763 1442 et
1794 1411 1894 1443 desse
1926 1412 1958 1442 ai
1991 1412 2078 1443 dicti
2110 1413 2250 1454 signori,

1408 1465 1447 1507 ςὸ
1474 1465 1509 1496 fo
1533 1462 1616 1495 *ΗΖ
1664 1464 1705 1495 ΕΙ
1734 1464 1876 1497 castello
1898 1465 1956 1506 po’
1981 1466 2024 1496 de
2049 1465 2201 1503 Salodio,
2219 1465 2250 1496 el

1408 1518 1488 1559 qual
1512 1517 1571 1549 elli
1593 1527 1739 1559 sperava
1770 1519 1878 1550 haver
1901 1529 1962 1560 per
1990 1517 2125 1557 battala,
2158 1528 2250 1550 com-

1407 1571 1536 1602 batudo
1561 1581 1627 1602 con
1651 1570 1681 1602 le
1705 1571 1799 1613 genti
1824 1571 1858 1603 di
1882 1572 1961 1604 ditti
1987 1571 2116 1613 signori
2133 1577 2167 1604 et
2183 1581 2250 1604 con

1405 1623 1520 1666 quelle
1545 1623 1603 1655 del
1619 1624 1802 1666 magnifico
1826 1624 1943 1666 signer
1958 1624 2083 1655 mesier
2099 1625 2249 1656 France-

1406 1687 1465 1709 sco
1483 1677 1527 1708 da
1544 1676 1701 1716 Carrara,
1718 1676 1785 1708 alla
1802 1676 1846 1708 fin
1870 1687 1938 1708 non
1955 1687 1990 1708 se
2015 1676 2114 1718 posse
2131 1678 2248 1713 havet,
2267 1678 2277 1684 ⁴

1407 1731 1485 1773 anci
1508 1730 1568 1772 piu
1599 1729 1664 1761 che
1695 1730 1809 1771 pocho
1845 1730 1920 1761 drio
1954 1731 1988 1762 fo
2019 1730 2184 1762 sconficta
2217 1731 2247 1761 la

1405 1789 1508 1825 gente
1533 1783 1567 1814 di
1582 1783 1710 1826 signori
1727 1783 1819 1815 dalla
1843 1783 1944 1816 Scala
1960 1794 2022 1825 per
2039 1783 2248 1815 tradimento

1406 1836 1557 1879 d'alguni
1580 1836 1739 1873 Brexani,
1767 1845 1866 1868 como
1890 1837 1926 1868 fo
1951 1837 2057 1869 dicto.

1496 1943 1569 1974 229.
1602 1960 1634 1965 —
1659 1942 1710 1974 De
1735 1942 1816 1984 quel
1843 1952 1935 1974 mese
1966 1942 2112 1974 instesso
2146 1943 2248 1975 Inno-

1407 1996 1527 2028 cencio
1551 2006 1641 2038 papa
1664 2001 1762 2027 sexto
1787 2007 1849 2037 per
1873 1996 1906 2027 13
1931 1997 2065 2037 grande
2082 1996 2246 2038 importu-

1372 2070 1373 2080 i
1406 2050 1475 2081 nita
1491 2050 1535 2081 de
1552 2049 1678 2080 mesier
1701 2049 1871 2088 Bernabb,
1896 2049 1927 2080 el
1946 2050 2025 2092 qual
2042 2059 2102 2091 per
2120 2061 2157 2082 so
2174 2061 2245 2082 am-

1405 2102 1545 2135 baxaori
1562 2102 1593 2133 el
1611 2102 1767 2134 richerea
1782 2113 1846 2144 pur
1862 2103 1905 2134 de
1923 2113 2017 2145 pase,
2035 2103 2161 2135 mando
2177 2103 2244 2135 alle

1405 2162 1501 2198 parte
1527 2156 1570 2187 de
1595 2155 1702 2192 Italia,
1727 2165 1790 2187 con
1815 2156 2092 2188 consentimento
2118 2157 2185 2188 ben
2211 2157 2246 2188 di

1372 2217 1373 2227 ¹
1407 2209 1581 2251 colligadi‚
1605 2218 1651 2239 un
1675 2209 1800 2250 legato,
1814 2209 1879 2240 che
1901 2219 1964 2240 con
1992 2216 2088 2242 certo
2113 2210 2243 2242 ordene

1372 2254 1373 2291 }
1404 2263 1614 2304 procedesse
1639 2263 1675 2293 in
1699 2264 1732 2293 la
1760 2263 1854 2295 dicta
1888 2274 1984 2305 pase,
2009 2271 2043 2295 et
2067 2265 2094 2295 si
2118 2264 2244 2296 mando

1406 2327 1472 2348 con
1496 2316 1528 2347 lo
1553 2316 1647 2348 dicto
1671 2316 1786 2359 legato
1810 2327 1856 2347 un
1888 2318 1974 2348 altro
2000 2317 2101 2349 homo
2133 2317 2244 2359 perito

1406 2370 1449 2402 de
1472 2369 1562 2412 lege,
1586 2369 1771 2401 chiamado
1796 2370 1924 2402 Nicolo
1950 2370 1994 2402 de
2020 2370 2175 2412 Spinello
2199 2371 2244 2402 da

1404 2422 1542 2464 Napoli,
1565 2432 1632 2454 con
1664 2423 1765 2464 plena
1788 2433 1847 2455 soa
1870 2424 2059 2462 intencion,
2083 2425 2149 2456 che
2181 2423 2243 2456 do-

1404 2487 1500 2508 vesse
1525 2476 1633 2518 prima
1656 2477 1769 2518 vignir
1786 2476 1853 2508 alla
1868 2479 2048 2519 presencia
2065 2479 2099 2510 di
2117 2478 2242 2520 colligit

1404 2536 1437 2561 et
1460 2529 1612 2561 etiandio
1634 2529 1750 2570 parlar
1775 2540 1841 2561 con
1858 2530 1929 2569 elli,
1945 2537 2034 2562 sotto
2051 2531 2163 2563 forma
2177 2531 2241 2562 che

1401 2583 1412 2614 i
1436 2581 1634 2613 ambaxaori
1659 2581 1704 2614 de
1729 2583 1852 2614 mesier
1876 2584 2036 2616 Bernabo
2060 2594 2105 2616 no
2129 2595 2165 2616 se
2182 2585 2242 2616 do-

1402 2645 1498 2667 vesse
1521 2635 1621 2666 audir
1644 2646 1680 2666 se
1708 2645 1753 2667 no
1778 2637 1887 2677 prima
1911 2637 2042 2678 sapuda
2066 2638 2100 2669 la
2129 2637 2241 2669 inten-

1401 2689 1477 2721 cion
1496 2688 1553 2719 del
1571 2688 1664 2719 dicto
1682 2690 1806 2720 mesier
1823 2689 1993 2722 Bernabb.
2031 2690 2091 2721 Ma
2108 2690 2141 2720 in
2158 2700 2241 2732 que-

1368 2761 1370 2784 3
1401 2747 1452 2773 sto
1477 2741 1513 2772 fo
1537 2741 1739 2782 procedudo
1765 2752 1827 2783 per
1851 2744 1939 2775 altro
1956 2744 2071 2781 modo,
2089 2743 2154 2775 che
2171 2754 2241 2775 me-

1400 2794 1467 2826 sier
1492 2793 1651 2825 Bernabo
1683 2795 1813 2836 scripse
1846 2806 1864 2827 a
1897 2796 2023 2828 mesier
2049 2797 2083 2828 lo
2114 2797 2240 2839 legato,

1402 2847 1646 2889 requirandolo
1680 2848 1743 2879 che
1773 2848 1839 2880 ello
1871 2849 2038 2881 scrivesse
2070 2859 2088 2880 a
2121 2849 2199 2881 tutti
2229 2849 2238 2880 i

1399 2899 1575 2942 coffigadi,
1593 2900 1658 2931 che
1675 2911 1776 2932 sovra
1796 2902 1825 2933 el
1851 2903 2023 2943 procedet
2040 2902 2133 2934 della
2157 2912 2239 2943 pase

1368 2965 1369 2969 ¹
1402 2962 1524 2993 cascun
1551 2952 1728 2986 mandasse
1752 2955 1763 2985 i
1787 2965 1824 2985 so
1849 2955 2050 2987 ambaxaori
2078 2956 2111 2986 al
2143 2955 2238 2987 dicto

1404 3006 1527 3037 mesier
1552 3006 1719 3039 Bernaba»
1759 3007 1803 3039 Al
1821 3009 1900 3050 qual
1919 3007 2127 3051 pervignudi
2150 3007 2238 3045 tutti,

2401 2897 2422 3684 ‹r-:tz-ssfflffivtsstfflzqstotm„-
2416 2872 2417 2876 „
2408 2810 2416 2837 Γ..
2408 2783 2410 2786 v
