2422 3684
493 209 662 246 GESTA
690 208 992 246 MAGNIFICA
1022 211 1208 247 DOMUS
1238 209 1628 246 CARRARIENSIS
1927 212 1973 246 23

141 343 300 375 comunis
323 342 440 374 Padue
464 352 528 383 per
550 341 618 373 vim
642 341 808 378 introivit,
833 342 891 374 ubi
916 353 1035 374 omnes
1059 343 1248 383 scripturas
1271 349 1304 374 et
1327 343 1402 386 jura
1426 342 1589 374 Comunis
1612 341 1729 373 Padue
1754 347 1823 373 tam
1847 341 1973 373 ibidem

140 396 345 434 existenda,
370 406 471 438 quam
497 395 605 426 eciam
629 395 706 426 illas
730 400 763 426 et
786 395 854 432 illa,
873 406 939 437 que
957 396 1096 427 fuerunt
1112 396 1147 427 in
1166 396 1304 437 palacio
1321 400 1469 437 reperta,
1486 395 1661 437 confregit
1685 400 1719 425 et
1743 395 1787 426 ad
1813 395 1976 426 nichilum

141 450 284 492 redegit.

230 555 281 587 50.
307 555 407 596 [154J.
433 572 474 577 —-
499 553 628 596 [morte
654 554 760 586 lector
778 554 955 587 miraberis
970 555 991 593 ¹,
1008 566 1070 586 cur
1086 556 1353 597 suprascriptum
1372 555 1510 593 bellum,
1528 555 1618 597 quod
1635 554 1722 586 inter
1738 554 1978 586 Carrarienses

97 608 114 640 5
139 615 174 640 et
196 609 341 640 Paulum
365 609 511 640 Dentem
537 618 613 639 cum
639 607 707 639 suis
731 608 960 649 complicibus
985 614 1098 639 actum
1123 615 1183 643 est,
1208 609 1241 639 in
1267 608 1370 651 gestis
1396 608 1525 640 domini
1549 607 1708 640 Ubertini
1734 607 1789 638 hie
1807 607 1879 647 ipse
1897 617 1978 638 con-

138 663 296 702 scribam,
328 673 404 694 eum
437 662 612 703 predictus
643 660 801 692 dominus
832 661 1022 693 Ubertinus
1058 662 1123 702 ipsi
1156 662 1246 694 bello
1284 662 1512 703 personaliter
1548 671 1616 693 non
1649 661 1799 698 affuerit,
1830 666 1881 691 set
1918 660 1978 691 tibi

137 716 344 756 respondeo,
368 715 461 757 quod
484 713 610 746 bellum
633 715 743 754 ipsum
768 714 953 746 occasione
969 715 1088 746 mortis
1105 715 1280 746 Guilielmi
1304 716 1347 746 de
1372 716 1483 746 Dente
1507 714 1686 756 processit,
1711 714 1806 745 cuius
1823 712 1978 744 dominus

142 768 331 801 Ubertinus
355 768 422 800 fuit
447 767 591 800 occisor.
637 767 721 799 Ideo
746 767 829 797 mihi
854 767 964 798 visum
990 773 1040 799 est
1064 768 1172 808 ipsum
1196 768 1231 799 in
1256 769 1327 799 eius
1351 769 1457 811 gestis
1480 768 1607 800 debere
1632 766 1813 799 conscribi.

235 878 286 910 51.
311 877 414 919 [153].
440 897 479 902 —
504 877 733 919 [C]011stituto‚
749 883 786 909 ut
803 878 932 909 dictum
956 884 1017 915 est,
1042 878 1193 909 dominio
1214 879 1328 910 Padue
1353 878 1461 910 libere
1486 879 1520 910 in
1545 878 1700 910 manibus
1717 877 1847 909 domini
1866 877 1977 908 Uber-

77 932 114 963 10
137 931 198 963 tini
228 942 290 973 per
313 937 458 963 mortem
483 931 658 972 magnifici
683 931 813 962 domini
844 930 991 962 Massilii
1024 932 1069 962 de
1101 931 1261 962 Carraria
1276 932 1298 970 ²,
1330 933 1423 963 idem
1455 932 1611 963 dominus
1638 930 1828 962 Ubertinus
1859 940 1977 962 omnes

135 995 214 1016 suos
237 985 367 1016 amicos
389 991 423 1016 et
447 985 504 1027 qui
528 985 592 1016 sibi
616 984 804 1025 complices
828 984 965 1016 fuerant
988 985 1033 1016 ad
1058 995 1093 1015 se
1119 984 1213 1016 iussit
1236 986 1342 1017 acciri
1355 985 1377 1023 ³,
1402 985 1524 1027 quibus
1548 985 1667 1016 stricte
1691 985 1865 1015 mandavit
1881 985 1975 1026 quod

137 1038 264 1070 deinde
298 1048 333 1069 se
363 1039 406 1070 ab
437 1038 623 1069 inhonestis
648 1037 862 1069 abstinerent
887 1043 922 1068 et
946 1038 1050 1078 quod,
1075 1039 1102 1068 si
1127 1049 1169 1069 ex
1194 1038 1245 1069 eis
1270 1038 1417 1081 aliquem
1443 1039 1646 1080 delinquere
1678 1038 1720 1069 de
1753 1043 1869 1070 cetero
1894 1048 1977 1068 con-

136 1091 296 1134 tingeret,
321 1097 448 1133 quanto
472 1091 537 1123 sibi
562 1090 738 1122 amicicior
762 1091 864 1128 foret,
888 1096 983 1122 tanto
1008 1091 1042 1122 in
1067 1100 1142 1122 eum
1168 1091 1307 1133 gravius
1330 1091 1545 1132 procederet.

224 1201 274 1233 52.
300 1202 400 1243 [156]
423 1220 467 1224 —
489 1201 609 1243 [Ildem
634 1202 834 1244 magnificus
858 1201 1017 1233 dominus
1042 1201 1230 1233 Ubertinus
1256 1202 1287 1232 in
1313 1201 1645 1239 MCCCXXXVIIL
1674 1202 1728 1233 die
1754 1211 1828 1232 xxv
1845 1201 1974 1238 marcii,

74 1255 110 1286 15
134 1256 324 1297 presentari
348 1256 382 1286 in
408 1255 576 1287 Vicencia
601 1255 710 1287 fecit⁴
737 1254 877 1287 domino
902 1255 1053 1286 Mastino
1078 1255 1255 1286 dominum
1281 1256 1472 1287 Guidonem
1498 1255 1638 1287 Ricium
1662 1254 1705 1286 de
1732 1255 1873 1286 Foiiano
1898 1265 1974 1286 cum

138 1309 215 1344 suis,
247 1308 305 1351 qui
338 1314 492 1350 tempore
527 1309 738 1348 expulsionis
770 1308 986 1340 dominorum
1020 1308 1098 1339 dela
1130 1307 1233 1339 Scala
1264 1319 1326 1349 per
1358 1309 1531 1340 dominum
1566 1307 1782 1340 Marsilium⁵
1814 1309 1974 1339 detentus

136 1363 259 1399 fuerat,
283 1363 442 1403 predicto
467 1362 637 1393 existente
662 1362 781 1393 Padue
806 1367 988 1403 potestate.
1036 1362 1080 1392 Et
1113 1372 1130 1391 e
1155 1372 1322 1393 converso
1348 1373 1408 1403 per
1433 1362 1607 1392 dominum
1640 1360 1825 1392 Mastinum
1858 1359 1974 1392 Padue

136 1416 319 1458 magnifico
344 1415 483 1447 domino
507 1415 677 1446 Ubertino
701 1421 920 1456 presentatur
944 1413 1120 1446 Gerardus
1145 1415 1187 1446 de
1212 1415 1356 1446 Camino
1380 1426 1456 1446 cum
1483 1414 1675 1455 nepotibus,
1708 1414 1765 1457 qui
1796 1415 1831 1445 in
1864 1425 1974 1455 oppu-

135 1469 306 1512 gnacione
332 1469 432 1500 castri
459 1468 633 1511 Opitergii
659 1474 779 1510 captus
803 1469 917 1500 fuerat
941 1473 974 1499 et
999 1468 1140 1499 Verona
1165 1474 1372 1500 carceratus.

73 1585 114 1616 20
226 1585 278 1616 53.
303 1584 404 1626 [1571.
428 1602 471 1606 —
493 1585 647 1625 [modem
673 1595 789 1616 mense
814 1595 876 1625 per
901 1583 1078 1616 dominum
1103 1583 1242 1615 Petrum
1268 1584 1311 1614 de
1342 1584 1480 1620 Verme,
1512 1584 1729 1624 capitaneum
1753 1583 1972 1616 Montesilice

136 1647 198 1679 pro
221 1638 370 1669 dominis
393 1638 471 1668 dela
494 1637 607 1676 Scala,
631 1643 830 1669 carceratur
852 1636 988 1673 Ivanus,
1015 1637 1123 1668 frater
1148 1637 1327 1667 Gumberti
1352 1636 1604 1667 Delesmaninis
1617 1639 1639 1667 ὅ.
1679 1636 1750 1674 Qui
1768 1635 1975 1668 Gumbertus

138 1697 216 1722 ante
242 1691 364 1723 diebus
387 1692 509 1733 paucis
533 1703 552 1722 a
577 1691 674 1722 dicto
698 1691 801 1722 Petro
830 1690 874 1722 de
910 1690 1039 1722 Verme
1071 1691 1281 1722 sentenciam
1314 1697 1500 1731 acceperat
1528 1690 1721 1731 capitalem,
1748 1689 1975 1729 complicibus

135 1744 235 1776 furca
257 1745 440 1786 suspensis,
464 1745 543 1787 quia
569 1750 717 1776 castrum
741 1745 852 1785 ipsum
877 1743 1109 1780 Montisilicis,
1133 1744 1227 1785 quod
1253 1744 1361 1775 eciam
1387 1751 1470 1775 tunc
1493 1743 1651 1774 dominus
1675 1743 1863 1775 Ubertinus
1887 1743 1976 1775 obsi-

136 1797 249 1836 debat,
273 1798 338 1840 ipsi
363 1798 501 1830 domino
524 1797 696 1830 Ubertino
722 1798 803 1829 dare
827 1797 1021 1829 voluerat⁷.
1068 1798 1120 1828 Ex
1148 1797 1243 1827 cuius
1278 1797 1368 1827 [vani
1402 1797 1646 1828 carce-racione
1679 1796 1784 1827 iratus
1816 1796 1975 1828 dominus

71 1850 110 1882 25
135 1850 324 1883 Ubertinus
354 1851 390 1882 in
423 1852 579 1883 exercitu
611 1857 732 1882 contra
764 1850 1055 1882 Montemsilicem
1085 1861 1143 1881 sex
1169 1861 1209 1881 ex
1234 1850 1378 1890 captivis
1403 1850 1497 1880 iussit
1524 1850 1623 1880 furca
1647 1849 1829 1889 suspendi:
1854 1855 1907 1881 set
1931 1860 1974 1880 ex

137 1905 308 1947 opposito,
331 1906 472 1937 iubente
497 1905 592 1937 dicto
618 1904 757 1936 domino
792 1904 906 1942 Petro,
943 1916 985 1936 ex
1017 1904 1218 1941 carceratis,
1244 1914 1329 1945 quos
1354 1903 1445 1935 intus
1470 1903 1630 1942 habebat,
1656 1904 1775 1934 decem
1804 1903 1976 1945 supplicio

138 1958 338 2000 plectuntur
361 1958 485 1990 eodem
499 1957 519 1990 ⁸.

226 2072 277 2104 54.
303 2072 403 2115 [158].
427 2091 471 2096 ——-
494 2073 654 2114 [E]odem
679 2073 871 2110 millesimo,
897 2073 954 2105 die
978 2082 1040 2104 xxt
1064 2072 1192 2113 aprilis,
1217 2071 1355 2113 quidam
1380 2071 1529 2103 audaces
1554 2070 1730 2102 intrinseci
1745 2068 1756 2085 ⁹
1773 2071 1816 2102 de
1840 2069 1976 2102 Monte-

137 2126 234 2158 silice
260 2133 440 2159 tractatum
466 2132 597 2158 secrete
631 2126 826 2158 habuerunt
858 2136 934 2158 cum
961 2126 1142 2169 magnifico
1175 2125 1314 2157 domino
1339 2124 1509 2156 Ubertino
1542 2124 1785 2155 introducerdi
1817 2124 1851 2154 in
1875 2123 1974 2154 Mon-

73 2181 114 2212 30
138 2180 271 2211 tesilice
295 2180 402 2221 ipsius
427 2179 557 2212 domini
583 2179 746 2212 Ubertini
769 2180 972 2211 exercitum.
1020 2179 1081 2211 Set
1106 2179 1184 2210 dum
1210 2184 1311 2209 nocte
1336 2177 1492 2208 paduani
1517 2183 1630 2207 essent
1658 2176 1765 2217 parati
1784 2187 1825 2208 ex
1842 2176 1974 2207 insidiis

136 2232 275 2271 intrare,
300 2243 381 2264 casu
404 2233 608 2274 inoppinatu
634 2244 676 2264 ex
700 2244 768 2264 una
791 2233 990 2265 bastitarum
1016 2232 1190 2264 exercitus
1213 2232 1304 2273 ignis
1328 2230 1493 2261 maximus
1518 2231 1635 2266 evasit,
1660 2230 1756 2261 cuius
1788 2229 1878 2271 ignis
1908 2229 1974 2260 ful-

135 2296 218 2329 gore
242 2292 276 2318 et
298 2287 548 2318 aclamancium
573 2286 848 2318 extrinsecorum
872 2285 1018 2317 vocibus
1042 2285 1180 2317 excitati
1206 2285 1366 2316 custodes
1383 2283 1604 2314 Montisilicis
1623 2287 1719 2314 extra
1736 2293 1849 2314 muros
1875 2293 1974 2323 aspe-

136 2350 218 2371 xere
242 2339 427 2371 Paduanos
450 2349 528 2370 cum
551 2339 652 2372 scalis
677 2345 710 2370 et
734 2339 809 2371 aliis
825 2339 1032 2371 necessariis
1049 2339 1090 2369 ad
1108 2338 1283 2369 introitum
1308 2337 1373 2367 iam
1390 2342 1536 2377 paratos.
1574 2335 1676 2368 Unde
1693 2345 1771 2366 mox
1788 2346 1850 2377 per
1866 2341 1974 2367 totum

230 2485 252 2502 ι.
272 2486 320 2509 per
339 2479 396 2501 vim
410 2497 414 2502 .
427 2494 469 2502 ...
488 2478 583 2501 Padue
601 2486 649 2502 om.
669 2478 707 2501 MV
721 2490 753 2495 ·—
768 2485 791 2501 2.
813 2476 935 2510 reperta]
951 2484 1064 2508 comper
1079 2479 1107 2500 ta
1127 2476 1148 2499 S
1167 2490 1198 2494 —
1219 2484 1241 2507 4.
1263 2476 1458 2507 supradictum
1479 2475 1502 2499 S
1519 2487 1551 2492 —
1572 2481 1594 2505 5.
1615 2474 1734 2498 Paulum
1755 2475 1787 2498 (le
1801 2475 1893 2498 Dente
1907 2475 1971 2499 S—

141 2519 164 2544 6.
184 2520 236 2551 set]
255 2520 291 2544 ad
311 2521 385 2551 quod
404 2519 428 2544 S
445 2534 476 2537 -—
498 2526 522 2550 7.
541 2520 646 2544 bellum
666 2521 758 2551 ipsum
778 2519 845 2544 S-
862 2527 900 2544 11.
916 2520 1071 2551 complices
1094 2520 1206 2542 suerunt
1225 2518 1410 2542 admandavit
1430 2524 1548 2540 avocare
1567 2516 1590 2540 S
1607 2530 1615 2533 -
1636 2516 1793 2547 mandavit)
1814 2518 1939 2548 precepit
1955 2518 1976 2541 S

141 2575 173 2580 --
197 2568 236 2586 12.
257 2563 419 2586 abstineant
439 2562 462 2586 S
479 2575 511 2580 -
535 2568 623 2593 12-13.
642 2561 822 2592 contingerit
841 2562 864 2585 S
882 2575 913 2578 —
938 2569 976 2592 13.
999 2562 1085 2585 fuerit:
1105 2561 1127 2584 S
1144 2572 1156 2578 -
1181 2562 1263 2583 tanto
1289 2561 1379 2591 magis
1400 2561 1429 2582 in
1449 2566 1510 2582 eum
1531 2565 1610 2589 asper
1635 2559 1658 2582 S
1676 2572 1706 2575 —
1728 2565 1769 2583 22.
1790 2560 1886 2590 paucis
1907 2561 1971 2582 ante

141 2604 238 2628 diebus
263 2603 286 2627 S
303 2617 313 2622 -
333 2604 411 2628 dicto
433 2604 551 2628 domino
571 2604 593 2628 S
611 2617 619 2621 -
640 2604 791 2628 damnatus
813 2604 903 2628 fuerat
923 2604 1065 2627 sententia
1086 2603 1205 2633 capitali
1225 2602 1245 2625 S
1264 2614 1294 2618 —-
1316 2608 1406 2632 ²9·30·
1427 2602 1456 2624 in
1477 2599 1611 2632 Montes.]
1635 2602 1757 2624 castrum
1778 2602 1800 2625 S

96 2711 109 2737 5
225 2704 234 2721 ¹
266 2705 473 2730 Osservazione
503 2712 518 2729 e
546 2707 709 2730 commento
746 2706 790 2729 del
829 2706 1028 2736 compilatore,
1170 2702 1179 2716 ⁵
1193 2703 1331 2731 Comus„
1349 2703 1487 2732 Chronica,
1501 2701 1560 2732 VII,
1580 2709 1624 2726 11:
1641 2701 1654 2714 “
1666 2710 1714 2734 per
1727 2702 1873 2726 dominum
1886 2702 1971 2726 Uber-

137 2747 259 2772 estranel
278 2748 305 2771 al
326 2750 461 2772 racconto
481 2749 658 2772 cortusiano.
1086 2747 1098 2759 ‘¹
1111 2748 1202 2771 tinum
1215 2763 1239 2777 „.

226 2788 236 2805 ²
254 2788 392 2819 Comus„
415 2790 552 2820 chronica,
572 2789 631 2818 VII,
651 2797 668 2821 9
686 2797 701 2813 e
724 2796 764 2814 10.
1171 2786 1181 2802 ⁵
1202 2788 1338 2816 Comus,
1361 2787 1500 2817 Chronica,
1521 2787 1581 2816 VII,
1605 2794 1645 2811 11.

224 2830 235 2847 ³
255 2831 306 2856 Nel
325 2831 440 2856 Cortusi
462 2831 615 2863 (Chronica,
635 2831 696 2862 VII,
722 2832 749 2863 9)
777 2832 918 2855 soltanto:
948 2831 959 2843 ‘¹
971 2830 1026 2858 Qui
1170 2828 1181 2844 ⁷
1199 2829 1334 2859 CoR'rUs„
1359 2830 1497 2858 Chronica,
1518 2829 1577 2858 VII,
1599 2836 1639 2859 11,
1660 2837 1716 2853 non
1738 2830 1856 2861 registra
1876 2830 1902 2853 la
1923 2837 1970 2852 no-

141 2873 194 2898 “in
213 2874 346 2906 pubblica
371 2875 512 2898 concione
536 2875 643 2906 recepit
671 2873 808 2897 vexillum
834 2873 943 2905 populi,
964 2880 1027 2905 pro-
1084 2872 1164 2896 tizia.

80 2922 113 2939 10
142 2913 155 2927 ¹¹
168 2916 284 2940 mittens
302 2916 445 2948 :iustitiam
465 2916 642 2946 universis„.
1171 2911 1181 2927 ⁸
1202 2911 1339 2941 Comus„
1362 2913 1497 2943 Chronica,
1522 2912 1582 2944 V11,
1606 2919 1644 2936 11.

229 2957 240 2972 ⁴
261 2957 395 2986 Coa-rus„
416 2958 554 2987 Chronica,
575 2957 637 2987 VII,
663 2964 710 2982 11:
739 2957 858 2981 “Padue
884 2964 950 2980 vero
970 2958 1029 2980 erat
1171 2953 1181 2970 ⁹
1202 2954 1338 2982 COR-rus..
1361 2955 1499 2985 Chronica,
1518 2954 1579 2985 VII,
1596 2962 1635 2986 11,
1649 2954 1683 2978 da
1697 2956 1740 2979 cui
1758 2954 1881 2987 dipende
1894 2956 1971 2979 tutto

142 2997 326 3024 “carceratus
346 3000 478 3024 dominus
498 2999 594 3024 Guido
615 2999 716 3024 Rieius
736 2999 769 3023 de
786 2999 897 3023 Foiano
918 3002 999 3029 εἰῶ».
1084 2998 1104 3021 il
1125 2997 1259 3029 capitolo.

2001 2793 2031 2818 15

2000 3002 2033 3020 20
