2422 3684
422 281 491 316 100
766 279 937 315 GESTA
965 277 1267 314 MAGNIFICA
1296 276 1480 312 DOMUS
1511 276 1900 312 CARRARIENSIS

737 412 876 444 REDAZ.
900 410 931 442 A

414 489 530 515 serant
553 483 643 515 duci.
669 483 814 514 Demum
832 493 891 513 rex
907 481 1046 512 illustris
1063 479 1254 521 Hungarie‚

414 538 472 579 qui
511 536 705 577 patriarche
739 536 877 577 captivo
917 533 1128 566 afficiebatur
1166 543 1253 573 puro

414 590 500 632 celo,
514 601 616 631 super
630 590 736 630 ipsius
751 589 937 621 recomissu
951 587 1134 629 magnifico
1149 586 1255 626 scrip-

414 645 459 675 sit
484 644 622 675 domino
648 642 836 674 Francisco
861 642 989 672 seniori
1019 641 1061 671 cle
1094 639 1255 671 Carraria

414 698 457 728 ad
483 697 661 738 ipsumque
695 695 869 738 delegavit
901 694 1078 737 egregium
1110 692 1253 723 militem

415 751 590 782 dominum
621 749 843 781 Fredericum
879 749 922 779 de
948 747 1110 784 Mathlor‚
1141 753 1178 777 ut
1212 756 1255 776 ex

414 804 482 834 suis
505 803 661 835 micteret
686 813 787 833 unum
812 811 927 832 secum
961 801 1006 831 ad
1036 799 1254 830 tractandum

417 863 450 888 et
487 856 755 897 conponendum
790 855 880 886 inter
917 853 1072 885 subditos
1107 851 1254 883 ecclesie

415 910 646 952 aquilegensis
671 914 705 940 et
721 909 876 940 subditos
893 907 1176 947 necessariosque
1195 905 1256 935 du-

416 963 465 995 cis
488 970 521 994 et
553 963 687 995 comitis
718 962 858 994 Goricie
883 960 1065 992 occasione
1094 958 1255 990 novitatis

415 1017 506 1048 inter
530 1023 646 1058 partes
669 1016 750 1046 hinc
773 1015 855 1045 inde
880 1013 1036 1056 vigentis.
1084 1012 1179 1042 Misit
1194 1011 1256 1042 ita-

416 1080 482 1112 que
513 1071 587 1110 ipse
619 1068 823 1110 magnificus
857 1067 1016 1098 dominus
1052 1065 1255 1097 Franciscus

417 1124 460 1154 de
489 1122 648 1154 Carraria
679 1132 756 1153 cum
789 1121 863 1161 ipso
895 1119 1034 1151 domino
1068 1118 1255 1150 Frederico

417 1177 459 1207 de
494 1176 649 1207 Mathlor
682 1175 824 1205 militem
863 1174 1053 1215 egregium,
1078 1172 1255 1203 dominum

417 1229 589 1261 Simonem
617 1229 660 1260 de
683 1228 790 1268 Lupis
817 1228 859 1258 de
886 1227 1017 1266 Parma,
1043 1226 1111 1267 qui,
1141 1225 1256 1255 mullis

416 1284 497 1315 hinc
520 1282 601 1314 inde
627 1282 768 1323 quesitis
792 1291 833 1312 30
866 1281 1032 1315 tractatis,
1058 1280 1197 1310 tandem
1223 1278 1256 1308 in

416 1338 481 1367 hac
506 1336 618 1367 forma
642 1340 920 1376 composuerunt,
946 1333 1038 1373 quod
1055 1331 1257 1373 aquilegen-

416 1391 464 1422 sis
498 1390 646 1421 ecclesie
682 1388 866 1419 servitores
904 1396 1011 1429 usque
1051 1387 1094 1417 ad
1131 1386 1254 1416 festum

416 1449 533 1474 sancte
568 1442 676 1473 Mai-ie
714 1441 865 1482 Virginis
898 1440 940 1471 de
973 1450 1089 1470 mense
1121 1439 1256 1480 augusti

417 1504 569 1538 treugam
595 1496 712 1526 facero.
738 1494 835 1525 fuere
864 1494 1035 1530 contenti3
1060 1493 1196 1523 interim
1214 1492 1256 1522 de

418 1549 610 1582 huiusmodi
636 1554 716 1579 nata
737 1547 913 1578 discordia
930 1546 964 1577 in
980 1546 1145 1577 illustrem
1163 1545 1258 1576 Hun-

416 1604 510 1646 garie
528 1613 646 1644 regem
666 1602 783 1632 facere
809 1599 1102 1641 compromissum,
1121 1609 1188 1640 quo
1214 1599 1258 1630 ad

417 1658 510 1699 regie
542 1656 726 1687 maiestatis
758 1654 983 1695 presenciam,
1015 1663 1144 1684 moram
1175 1658 1258 1683 tunc

417 1711 588 1756 §lagabrie
613 1710 791 1744 trahentis,
815 1708 947 1749 legatos
976 1718 1050 1738 cum
1077 1707 1179 1748 plena
1199 1716 1259 1747 po-

418 1770 540 1796 testate
563 1763 757 1794 huiusmodi
784 1761 939 1792 faciendi
963 1761 1061 1791 simul
1087 1771 1163 1791 cum
1182 1769 1260 1801 pre-

418 1819 511 1850 dicto
537 1817 676 1849 domino
701 1816 840 1847 Simone
867 1821 899 1845 et
917 1814 1022 1845 milite
1039 1814 1135 1854 regio
1155 1813 1258 1844 desti-

419 1877 552 1903 narunt.
599 1870 780 1902 eomitissa
803 1875 917 1899 autem
944 1867 1083 1898 Goricie
1116 1872 1259 1908 propter

419 1925 551 1957 comitis
583 1925 778 1955 absenciam
818 1922 972 1953 absolute
1009 1928 1153 1963 treugue
1190 1931 1257 1951 non

419 1978 601 2011 consensit.
626 1977 687 2007 sed
711 1976 805 2017 quod
831 1976 873 2006 de
907 1975 971 2006 1130
995 1975 1162 2005 scriberet
1186 1974 1258 2003 viro

419 2042 489 2068 suo,
515 2031 568 2062 cui
593 2031 619 2061 si
647 2029 809 2071 placebit,
834 2035 979 2070 treugua
1003 2027 1183 2068 procedat,
1207 2028 1259 2057 sin

420 2092 542 2120 autem,
567 2095 629 2125 per
652 2083 726 2114 dios
750 2082 949 2123 quindecim
975 2087 1158 2123 antequam
1183 2091 1260 2121 pro-

419 2139 521 2170 cedat
545 2137 688 2174 novitas,
713 2146 774 2176 per
798 2134 870 2166 dies
895 2134 1091 2177 quindecim
1110 2134 1137 2174 [³
1150 2132 1177 2174 ⁹⁵]
1195 2133 1260 2164 Fo-

418 2191 652 2223 roiuliensium
677 2187 895 2231 significabit.

510 2450 583 2480 226.
603 2465 638 2469 -—
653 2447 739 2487 Lige
756 2445 913 2486 negocia,
930 2450 966 2475 ut
981 2444 1138 2485 superius
1153 2444 1262 2485 tetigi,

422 2504 558 2535 stabant
574 2501 656 2532 satis
669 2501 702 2530 in
720 2499 884 2540 pendulo,
897 2498 1063 2539 precipue
1081 2499 1159 2540 quia
1177 2507 1262 2539 gens

423 2556 552 2588 domini
576 2553 787 2585 Bernabonis
810 2552 967 2583 bastitam
991 2561 1092 2582 unam
1109 2556 1264 2582 constru-

421 2615 542 2641 xerant
565 2608 600 2638 in
625 2609 701 2638 1000
726 2606 881 2646 superius
905 2605 1093 2642 nominato,
1119 2604 1176 2647 qui
1201 2603 1263 2635 So-

421 2663 506 2693 laria
530 2661 664 2701 dicitur,
690 2666 724 2690 et
747 2659 791 2690 de
817 2658 1050 2690 construenda
1069 2658 1135 2688 alia
1151 2667 1263 2689 susur-

422 2715 554 2751 rabant,
579 2714 611 2744 ni
636 2723 750 2744 rumor
767 2712 850 2743 felix
867 2713 993 2743 exisset
1010 2711 1053 2743 de
1074 2711 1262 2743 rebellione

423 2768 561 2799 vallium
588 2766 681 2798 Sabii
698 2772 731 2796 et
748 2765 911 2806 'l‘rompie
929 2765 1112 2796 brixiensis
1129 2764 1263 2797 distric-

423 2827 476 2852 tus
508 2831 569 2862 per
601 2819 734 2850 nobiles
765 2819 869 2850 facta.
914 2818 982 2855 Qui
1016 2817 1158 2854 nobiles,
1189 2818 1263 2859 ipsa

424 2873 612 2905 rebellione
631 2878 758 2911 secuta,
782 2882 860 2904 mox
885 2872 1055 2913 suppedia
1078 2870 1263 2912 implorant

425 2926 555 2957 domini
580 2926 659 2957 dela
683 2925 796 2963 Scala,
820 2932 856 2956 ut
880 2925 928 2956 eis
958 2924 1136 2966 armigeris
1166 2935 1264 2956 suve-

427 2979 531 3010 niant.
562 2978 625 3010 Cui
643 2978 792 3019 domino,
810 2984 846 3009 ut
863 2978 934 3009 fata
951 2977 1172 3018 permictunt,
1185 2987 1262 3008 cum

425 3032 519 3073 sequi
543 3042 596 3062 res
620 3031 722 3063 debet
746 3032 925 3069 effectum,
956 3032 1051 3061 mille
1076 3031 1118 3061 de
1142 3030 1263 3061 Suevis

1322 905 1359 935 10

1324 1169 1359 1200 15

1324 1966 1363 1996 30

1325 2237 1365 2268 35

1326 2556 1366 2586 40

1325 2819 1364 2849 45

1732 408 1872 440 REDAZ.
1897 408 1933 439 D

1414 479 1450 512 di
1481 479 1566 512 dicti
1589 480 1682 524 luogi
1705 487 1946 523 promectarge
1971 480 2088 523 quella
2111 479 2158 517 fe,
2191 479 2256 512 che

1414 533 1469 564 elli
1495 533 1605 565 havea
1629 534 1738 574 prima
1763 535 1855 566 dada
1879 534 1909 564 al
1942 534 2036 565 dicto
2061 533 2156 564 duse.
2203 533 2256 564 Da

1414 586 1469 627 po’
1493 587 1525 617 lo
1553 584 1686 618 illustre
1710 599 1747 618 re
1772 587 1815 618 de
1840 587 2027 628 Hongaria,
2051 586 2083 617 el
2107 585 2188 628 qual
2212 585 2255 617 de

1414 648 1500 679 puro
1524 640 1598 670 zelo
1624 640 1733 671 havea
1755 641 1888 682 grande
1905 639 2082 671 affeccion
2107 639 2139 670 al
2163 638 2257 670 dicto

1413 692 1611 732 patriarcha
1641 703 1752 733 preso,
1777 693 1909 734 scripse
1941 691 2257 724 reconiandandolo

1414 744 1447 775 al
1471 744 1566 777 dicto
1583 746 1768 789 magnifico
1786 747 1902 789 signor
1918 746 2042 777 mesier
2063 747 2258 777 Francesco

1415 797 1459 828 da
1483 798 1646 835 Carrara3
1672 805 1706 831 et
1729 799 1756 830 si
1779 799 1906 831 mando
1928 810 1948 830 a
1966 799 2012 830 lui
2029 799 2058 830 el
2085 798 2259 829 cavaliero

1415 852 1556 893 egregio
1580 852 1704 884 mesier
1727 853 1753 884 F
1757 853 1878 895 edrigo
1901 852 1945 884 de
1972 851 2152 887 Mactelor,
2182 861 2259 892 pre-

1414 905 1565 947 gandolo
1590 906 1655 937 che
1680 906 1701 937 ’1
1721 907 1903 938 mandasse
1926 917 1972 937 un
1990 906 2025 938 di
2042 905 2089 937 soi
2108 915 2174 937 con
2191 905 2258 936 ello

1416 968 1435 988 a
1457 964 1586 990 tractat
1608 965 1643 990 et
1666 970 1844 1001 conponer
1865 960 1955 992 intro
1978 961 1989 991 i
2017 959 2144 991 subditi
2168 959 2259 990 della

1416 1011 1545 1043 Ghiesa
1561 1011 1725 1054 d'Agolia
1748 1019 1782 1044 et
1805 1013 1816 1044 i
1840 1013 1967 1045 subditi
1988 1013 2045 1044 del
2062 1012 2156 1044 dicto
2174 1013 2258 1043 duse

1415 1074 1433 1094 e
1451 1064 1471 1094 ’1
1489 1072 1590 1097 conte
1605 1067 1647 1097 de
1665 1065 1805 1098 Goricia
1821 1077 1883 1108 per
1901 1077 2004 1097 cason
2021 1066 2112 1098 delle
2130 1064 2258 1104 ῃονίῐὲῑ,

1416 1117 1480 1148 0110
1505 1128 1564 1149 013
1587 1124 1640 1149 tra
1665 1118 1755 1150 l'una
1779 1126 1811 1150 et
1834 1119 1947 1150 l‘altra
1971 1125 2078 1160 parte.
2126 1118 2170 1149 Et
2187 1118 2259 1150 cosi

1416 1170 1447 1200 el
1472 1171 1656 1212 magnifico
1679 1173 1796 1213 signor
1811 1172 1935 1203 mesier
1954 1174 2149 1203 Francesco
2166 1180 2260 1202 man-

1417 1224 1461 1254 do
1494 1224 1549 1255 001
1580 1224 1676 1256 dicto
1708 1225 1830 1256 mesier
1862 1225 1988 1267 Ferigo
2021 1224 2051 1254 el
2083 1224 2258 1256 cavaliero

1417 1277 1557 1319 egregio
1581 1287 1692 1308 meser
1709 1278 1825 1310 Simon
1850 1278 1885 1309 di
1908 1278 1996 1309 Lovi
2021 1278 2065 1309 da
2090 1269 2224 1315 Parma,
2248 1276 2258 1307 i

1417 1329 1510 1371 quali
1533 1331 1658 1361 mesier
1689 1331 1814 1372 Ferigo
1845 1337 1880 1362 et
1911 1331 2040 1367 Simon,
2065 1329 2192 1362 0010113
2224 1334 2259 1360 et

1415 1382 1526 1414 tract&
1549 1383 1653 1415 molte
1677 1392 1756 1415 cose
1782 1383 1824 1415 de
1849 1394 1914 1426 qua
1939 1389 1971 1415 et
1996 1384 2039 1415 de
2065 1383 2105 1420 13,
2130 1383 2195 1414 alle
2213 1382 2257 1413 fin

1418 1446 1578 1477 compose
1602 1436 1636 1467 in
1663 1442 1780 1478 questa
1802 1436 1924 1475 forma,
1953 1437 2017 1468 0110
2048 1436 2057 1466 1
2089 1435 2260 1467 servidori

1417 1490 1509 1522 della
1531 1491 1651 1532 ghiesa
1683 1490 1845 1533 d'Agolia
1877 1491 1912 1522 fo
1945 1491 2096 1522 conteuti
2130 1491 2173 1522 de
2206 1491 2260 1521 far

1417 1550 1538 1586 treuga
1552 1545 1616 1575 lina
1634 1545 1664 1574 la
1680 1545 1767 1576 festa
1780 1543 1823 1575 de
1840 1550 1959 1575 sancta
1973 1543 2084 1575 Maria
2097 1543 2258 1586 Vergene

1418 1597 1473 1628 del
1505 1607 1596 1628 mese
1621 1596 1785 1639 dhgosto,
1809 1603 1843 1628 et
1866 1598 1900 1628 in
1925 1604 2045 1639 questo
2076 1607 2173 1639 meco
2205 1597 2260 1628 far

1419 1660 1674 1691 conipromesso
1697 1650 1789 1681 della
1812 1650 1996 1687 discordia,
2029 1650 2092 1680 0110
2125 1660 2184 1681 013
2207 1655 2277 1684 tra,

1417 1703 1485 1740 elli,
1507 1703 1536 1735 el
1562 1704 1645 1734 duse
1662 1703 1704 1734 de
1724 1703 1847 1740 Viena‚
1865 1713 1882 1733 e
1901 1703 1921 1733 ’l
1938 1709 2041 1734 conte
2057 1702 2100 1734 de
2119 1702 2259 1745 Gorica,

1416 1757 1451 1787 in
1477 1757 1508 1788 lo
1525 1756 1655 1788 illustre
1673 1766 1710 1787 re
1726 1755 1770 1787 de
1789 1756 1974 1797 Hongaria,
1991 1755 2020 1786 al
2039 1755 2119 1796 qual
2136 1756 2260 1787 mesier

1417 1810 1450 1840 lo
1474 1820 1511 1841 re
1536 1809 1642 1841 311013
1665 1809 1812 1841 fasando
1835 1819 1872 1840 so
1904 1809 2038 1841 stancia
2069 1810 2113 1841 ad
2145 1809 2261 1851 Isaga-

1418 1863 1492 1895 bria
1508 1863 1518 1893 i
1537 1863 1618 1894 dicti
1643 1863 1734 1893 della
1751 1862 1864 1894 Patria
1889 1863 1931 1893 de
1950 1862 2054 1894 Frioli
2079 1862 2205 1893 mando
2222 1871 2259 1893 so

1418 1916 1616 1948 ambaxaori
1631 1926 1696 1948 0011
1720 1915 1800 1956 plen
1818 1916 1979 1946 mandato
2004 1914 2176 1946 insembre
2194 1925 2260 1946 con

1418 1970 1541 2000 mesier
1564 1969 1681 2001 Simon
1706 1968 1812 2000 Lovo.
1857 1969 1900 1999 Et
1918 1967 1949 1998 la
1965 1974 2122 1999 contessa
2139 1968 2175 1999 di
2192 1968 2261 1999 Go-

1418 2023 1488 2065 rica
1513 2032 1574 2062 per
1597 2022 1629 2052 13
1652 2021 1802 2063 absenca
1826 2020 1881 2052 del
1906 2021 2026 2058 mario,
2051 2021 2116 2052 0110
2142 2031 2185 2051 110
2203 2032 2261 2053 era

1420 2075 1475 2106 nel
1500 2085 1612 2116 paese,
1637 2074 1907 2106 absolutamente
1938 2084 1982 2104 no
2014 2073 2170 2105 consenti
2193 2074 2261 2105 alla

1421 2136 1550 2171 treuga,
1575 2139 1628 2158 ma
1651 2137 1787 2168 respose
1807 2127 1871 2158 che
1889 2128 1932 2158 de
1957 2135 2077 2168 questo
2094 2127 2162 2158 ella
2178 2127 2262 2158 scri·-

1420 2192 1544 2214 verave
1567 2192 1587 2212 a
1609 2191 1646 2212 so
1671 2181 1787 2221 mario⁷
1809 2180 1840 2211 al
1871 2181 1963 2222 qual,
1993 2190 2028 2212 se
2061 2180 2206 2221 piaserh,
2230 2180 2262 2211 la

1421 2242 1541 2276 treuga
1565 2235 1653 2265 vada
1684 2233 1808 2276 11131101,
1841 2238 1876 2264 et
1905 2244 1940 2264 se
1973 2234 2005 2264 ie
2037 2244 2081 2265 no
2112 2233 2260 2274 piaserh,

1421 2298 1482 2328 per
1504 2286 1663 2329 quindesi
1689 2286 1722 2317 di
1748 2286 1849 2328 1131101
1875 2286 1906 2317 la
1931 2285 1962 2316 el
1998 2286 2071 2317 sarh
2102 2296 2203 2317 saver
2238 2296 2258 2316 a

1421 2340 1518 2383 quilli
1543 2339 1634 2371 della
1657 2338 1771 2371 Patria
1796 2339 1838 2370 de
1862 2339 1979 2371 Frioli.

1509 2446 1584 2475 220.
1608 2462 1648 2466 —
1674 2443 1688 2474 I
1713 2443 1798 2475 facti
1824 2445 1903 2476 dela
1926 2444 2007 2486 liga,
2033 2454 2132 2476 como
2155 2445 2188 2476 io
2214 2444 2259 2476 ho

1420 2497 1548 2539 scripto
1573 2497 1616 2528 de
1639 2507 1752 2533 sovra,
1775 2502 1872 2528 stava
1903 2498 1991 2528 assai
2016 2497 2050 2528 111
2079 2497 2196 2535 dubio,
2227 2503 2262 2529 et

1420 2550 1667 2592 specialmente
1702 2550 1832 2591 perche
1862 2550 1895 2581 la
1925 2557 2029 2593 gente
2062 2551 2104 2582 de
2136 2551 2261 2583 mesier

1422 2603 1577 2636 Bernabo
1602 2603 1712 2634 havea
1730 2604 1823 2635 facto
1847 2614 1914 2635 una
1933 2603 2040 2635 bastia
2054 2604 2090 2634 in
2107 2603 2141 2635 lo
2159 2603 2259 2647 luogo

1420 2656 1627 2693 sovradicto,
1652 2656 1785 2688 chiam&
1801 2655 1941 2694 Solara;
1966 2663 1998 2688 et
2015 2656 2043 2688 si
2059 2666 2096 2689 se
2112 2667 2259 2688 murmu-

1420 2721 1503 2742 rava
1535 2711 1577 2742 de
1610 2711 1664 2741 far
1695 2721 1763 2741 una
1793 2711 1891 2748 altra,
1926 2722 1960 2742 se
1992 2711 2060 2742 ello
2090 2721 2134 2742 no
2166 2711 2258 2742 fosse

1392 2795 1395 2799 ,
1420 2763 1532 2795 insida
1555 2765 1587 2794 13
1603 2764 1740 2795 novella
1759 2765 1850 2796 della
1874 2764 2043 2796 rebellion
2061 2764 2150 2796 delle
2168 2764 2257 2796 valle

1421 2817 1464 2848 de
1489 2816 1584 2847 Sabii
1609 2823 1643 2848 et:
1667 2815 1710 2848 de
1734 2817 1925 2859 Tro[m]pia
1951 2817 2007 2849 del
2031 2818 2182 2850 destreto
2215 2818 2259 2848 de

1422 2869 1544 2907 Brexa,
1568 2870 1662 2901 facta
1678 2881 1741 2911 per
1758 2871 1870 2912 alguni
1895 2871 2003 2902 nobili
2027 2870 2083 2902 del
2100 2880 2214 2912 paese.
2243 2869 2258 2901 I

1423 2922 1516 2964 quali
1533 2922 1649 2957 nobili,
1668 2923 1761 2954 facta
1776 2923 1809 2954 la
1826 2923 1919 2954 dicta
1935 2923 2113 2960 rebelli0n‚
2129 2923 2258 2964 scripse

1420 2976 1454 3006 31
1477 2975 1593 3017 signos
1616 2976 1659 3007 de
1686 2977 1836 3013 Verona,
1860 2976 1925 3007 che
1949 2977 1981 3007 ie
2005 2986 2198 3008 secorresse
2215 2976 2259 3007 de

1421 3035 1534 3070 gente.
1569 3030 1613 3060 Al
1639 3029 1716 3070 qual
1742 3030 1858 3071 signor
1874 3029 1917 3060 de
1935 3029 2085 3065 Verona,
2109 3039 2209 3060 como
2226 3028 2258 3060 13

2407 3204 2419 3225 ,Ἴ
2407 3104 2419 3193 νιγμ
