2422 3684
524 221 694 256 GESTA
725 220 1027 257 MAGNIFICA
1056 220 1239 257 DOMUS
1270 220 1660 256 CARRARIENSIS
1965 222 2004 257 15

172 355 217 386 ad
240 365 341 396 posse
366 353 522 386 omnibus
545 353 740 385 obstantes:
766 354 983 396 deliquentes
1015 354 1209 386 habuerunt
1241 365 1374 391 exosos
1407 355 1476 396 qui,
1507 353 1570 386 etsi
1602 354 1635 385 in
1668 355 1817 395 ipsarum
1852 354 2009 387 domibus

173 408 258 440 salvi
282 413 391 444 erant,
414 417 434 438 a
457 417 494 438 se
526 411 642 438 tamen
669 406 819 438 libenter
850 408 1089 448 procumbant,
1122 409 1212 439 adeo
1244 408 1384 449 publice
1416 407 1525 450 magis
1558 419 1658 450 quam
1688 408 1822 449 private
1855 408 2008 441 caritatis

169 467 349 498 amatores,
375 459 478 502 quod,
505 469 581 491 cum
606 465 732 491 cuncta
757 460 876 491 debita
901 467 934 492 et
957 461 1114 493 indebita
1137 462 1342 503 potuissent,
1365 460 1472 493 nichil
1496 471 1659 503 unquam,
1676 459 1770 503 quod
1788 471 1808 492 a
1834 461 1918 493 iuris
1942 469 2010 494 tra-

172 514 255 547 mite
277 513 457 551 deviasset,
480 511 548 544 sibi
572 512 642 544 suis
668 512 799 544 iuribus
825 513 964 546 licuisse
989 519 1201 556 reputarent.

127 646 145 678 5
775 645 855 679 XV.
878 665 922 670 —-
943 646 1108 679 Dominus
1131 646 1307 681 Albericus
1329 647 1408 681 Leo.

277 735 330 768 25.
354 734 433 776 [58].
462 752 498 757 -
522 733 625 766 Anno
642 734 779 766 Domini
802 734 1056 768 MCCLXXVI
1077 736 1215 782 domino
1232 735 1387 769 Henrico
1405 737 1499 769 dicto
1516 737 1705 769 Francisco
1730 737 1816 770 filius
1833 739 2010 771 successit.

170 788 236 821 Vir
252 788 454 832 magnificus
471 793 505 819 et
522 787 687 825 liberalis,
705 788 766 819 secl
783 789 890 830 magis
906 789 1068 831 religioni
1092 801 1193 831 quam
1211 791 1338 822 mundo
1355 790 1518 828 serviens,
1543 790 1599 822 hic
1623 790 1845 823 solitudinem
1869 792 2009 830 amavit,

170 842 204 873 in
221 841 461 884 religiosorum
486 840 670 873 consorcio
695 852 796 883 quam
820 841 1000 882 plurimum
1021 843 1224 875 delectatus.
1260 844 1459 875 Mundanas
1483 854 1576 885 opes,
1602 854 1667 876 ceu
1691 844 1775 875 nihil
1799 855 1816 876 a
1833 856 1869 877 se
1894 845 2012 877 beatu-

171 895 262 927 dinis
284 895 481 932 afferentes,
505 894 619 925 animo
645 904 769 937 magno
795 895 1012 936 contempsit,
1037 897 1127 936 quod
1145 897 1179 927 in
1204 897 1278 928 eius
1302 897 1371 928 vita
1394 897 1596 929 mirabiliter
1619 897 1781 935 ostendit,
1804 898 1912 929 nichil
1935 898 2011 936 sibi,

109 950 147 981 10
170 959 248 980 cum
273 954 342 980 tam
366 947 472 980 multa
494 947 700 990 possideret,
724 953 844 989 preter
868 950 1086 980 neccessaria
1110 950 1264 981 retinens
1287 951 1332 982 ad
1356 950 1482 982 victum
1500 956 1535 982 et
1550 952 1722 983 vestitum:
1751 951 1818 983 hoc
1843 958 1876 983 et
1899 953 2011 984 eciam

170 1002 280 1045 magis
301 1012 364 1034 suo
395 1001 490 1033 exitu
514 1010 615 1043 quam
640 1000 710 1032 vita
734 1006 850 1041 potest
875 1002 1104 1042 apprehendi.
1151 1003 1239 1035 Nam
1264 1014 1341 1035 cum
1367 1003 1495 1045 optime
1518 1003 1644 1036 indolis
1669 1004 1772 1035 filium
1797 1004 1953 1044 haberet,
1978 1007 2013 1037 in

171 1065 333 1097 supremo
358 1055 426 1086 vite
450 1054 608 1097 margine
633 1054 850 1093 constitutus,
873 1054 944 1085 filio
968 1061 1065 1095 parte
1089 1066 1225 1087 suarum
1248 1057 1463 1088 fortunarum
1480 1057 1663 1100 assignata,
1682 1058 1815 1090 Christi
1838 1069 2010 1100 pauperes

170 1108 233 1140 sibi
259 1108 435 1140 constituit
458 1108 617 1147 heredes,
641 1117 678 1138 se
703 1112 817 1140 natum
843 1108 885 1138 ad
910 1107 1064 1148 ipsorum
1098 1110 1245 1141 comoda
1276 1120 1345 1141 non
1377 1110 1476 1142 aliter
1508 1120 1608 1153 quam
1641 1111 1687 1143 ad
1719 1111 1780 1143 filii
1813 1112 2012 1145 existimans

170 1161 365 1194 utilitatem.

110 1242 147 1273 15
598 1241 694 1274 XVI.
719 1259 760 1264 —
783 1240 949 1273 Dominus
977 1240 1160 1274 Ubertinus
1183 1247 1216 1274 et
1238 1242 1416 1275 lacobz'uus
1430 1243 1581 1287 fratres.

258 1331 310 1362 26.
335 1330 414 1372 [88].
440 1350 480 1355 —
507 1330 610 1362 Anno
627 1330 768 1361 Domini
792 1329 1029 1362 MCCLXXII
1056 1330 1115 1361 filii
1133 1331 1274 1363 domino
1300 1332 1485 1364 Bonifaeio
1509 1334 1553 1365 de
1570 1334 1732 1365 Carraria
1756 1342 2009 1368 successerunt.

171 1384 248 1416 Viri
273 1384 434 1416 liberales
457 1390 491 1415 et
514 1384 700 1426 magnifici,
726 1393 829 1425 opum
854 1383 1002 1415 omnium
1026 1384 1210 1415 affluencia
1235 1385 1400 1424 ditissimi,
1417 1386 1451 1416 in
1476 1386 1706 1419 familiaribus
1723 1394 1756 1419 et
1780 1388 1875 1430 equis
1899 1390 2013 1431 splen-

173 1438 256 1476 didi,
280 1437 461 1469 consocios
485 1437 632 1468 maiores
649 1448 692 1468 ex
707 1437 881 1468 nobilibus
904 1437 1098 1468 habuerunt
1115 1438 1272 1469 civitatis.
1312 1439 1513 1471 Amicorum
1530 1440 1743 1472 multitudine
1769 1441 1896 1479 vallati,
1914 1442 2014 1474 nobi-

170 1490 253 1521 lium
279 1497 357 1522 cetu
382 1496 417 1522 et
441 1490 659 1532 popularium
686 1490 720 1520 in
744 1490 1094 1522 commessacionibus
1119 1491 1190 1530 (sic)
1216 1491 1492 1529 delectebantur‚
1517 1493 1550 1524 in
1575 1493 1699 1535 quibus
1727 1494 1825 1526 fuere
1849 1495 2012 1537 frequen-

107 1545 147 1576 20
172 1551 237 1581 tes3
263 1544 444 1575 cuiuslibet
467 1544 606 1586 generis
631 1554 711 1574 aves
735 1550 769 1575 et
793 1554 896 1574 canes
920 1543 1115 1575 habuerunt
1138 1545 1414 1586 fragrantissimi.
1461 1545 1662 1577 Amicorum
1697 1548 1911 1586 defensores,
1935 1559 2011 1580 cum

171 1597 225 1628 his
247 1597 405 1629 fortunas
428 1607 504 1628 suas
521 1596 734 1634 dividebant,
754 1597 833 1638 paci
850 1597 958 1638 magis
974 1608 1076 1638 quam
1094 1597 1184 1628 bello
1201 1598 1284 1639 apti,
1302 1598 1475 1630 ferventes
1491 1599 1648 1631 utilitatis
1671 1599 1810 1641 publice
1827 1601 2012 1634 dilectores

788 1730 902 1762 XVII.
927 1748 966 1752 —-
992 1730 1158 1762 Dominus
1181 1731 1395 1764 Francis-cus.

263 1819 315 1855 27.
339 1820 418 1862 [61].
444 1838 485 1843 —-
509 1819 612 1851 Anno
636 1819 774 1851 Domini
798 1818 1105 1851 MCCLXXXIIII
1130 1820 1217 1851 filius
1242 1820 1380 1856 domino
1410 1820 1555 1853 Albrico
1580 1821 1689 1854 Leoni
1721 1824 1900 1856 successit.
1949 1825 2012 1857 Vir

171 1875 408 1915 magnanimus
432 1874 499 1905 alte
525 1873 658 1905 virtutis
682 1879 716 1904 et
738 1873 883 1915 ingenii,
907 1874 966 1904 sed
989 1874 1023 1903 in
1049 1873 1126 1914 ipso
1150 1874 1336 1905 iuventutis
1367 1884 1426 1905 sue
1458 1874 1541 1906 flore
1574 1875 1736 1917 ingencia
1767 1877 1873 1918 ipsius
1905 1888 2011 1919 opera

107 1926 146 1958 25
171 1937 261 1958 mors
286 1927 523 1969 intempestiva
550 1927 699 1968 perupit.
748 1927 815 1958 Hic
839 1927 1016 1958 amicicias
1040 1927 1148 1958 coluit
1172 1934 1204 1958 et
1228 1928 1333 1958 auxit.
1381 1928 1584 1959 Iniuriarum
1611 1930 1668 1961 vix
1695 1930 1883 1968 tollerator‚
1908 1932 2011 1963 armis

172 1981 362 2012 delectatur
385 1986 420 2012 et
442 1981 551 2022 equis.
598 1980 734 2012 Stature
758 1991 892 2023 magne,
916 1981 978 2012 sed
1002 1980 1037 2011 in
1060 1991 1217 2011 sermone
1244 1981 1412 2018 modicus,
1430 1981 1536 2012 nichil
1551 1982 1615 2012 iam
1634 1984 1766 2024 ingens,
1783 1985 1874 2025 quod
1892 1985 2011 2026 agredi

172 2034 386 2065 formidaret.
433 2033 644 2064 Diviciarum
668 2044 805 2065 suarum
827 2034 1005 2075 prodiguS‚
1030 2033 1193 2065 nobilium
1220 2040 1315 2065 cetus
1339 2045 1474 2075 semper
1489 2035 1524 2065 in
1543 2036 1881 2068 conmessacionibus
1906 2037 2011 2069 habe-

172 2086 242 2125 bat,
265 2086 322 2118 vix
345 2097 440 2118 suum
466 2086 651 2129 quicquam
677 2093 841 2128 reputans
866 2087 958 2128 quod
983 2086 1184 2128 possideret.

412 2218 541 2251 XVIII.
571 2236 610 2241 --
636 2219 800 2250 Dominus
823 2219 1006 2256 Renuldus,
1033 2219 1244 2250 zllarsilietzos
1270 2224 1302 2251 et
1326 2221 1451 2251 Petras
1475 2219 1599 2261 Comes,
1616 2221 1766 2264 finires.

107 2309 148 2341 30
261 2309 313 2341 28.
338 2309 416 2349 [95].
434 2327 467 2330 —
494 2308 594 2340 Anno
611 2308 750 2339 Domini
765 2307 1108 2340 MCCLXXXVIIII
1127 2309 1185 2340 filii
1203 2310 1341 2340 domino
1359 2309 1538 2341 Albertino
1556 2310 1731 2351 Papafave
1756 2319 2007 2344 successerunt.

169 2361 245 2393 Viri
280 2361 454 2404 magnifici
486 2362 691 2393 diviciarum
721 2363 956 2404 prepollentes
987 2362 1189 2400 affluencia,
1223 2368 1454 2393 matronarum
1486 2363 1654 2405 coniugiis
1682 2365 1866 2396 maioribus
1896 2366 2009 2397 tocius

168 2414 326 2447 Marchie
351 2414 513 2456 copulati,
537 2415 728 2446 amicorum
752 2414 905 2457 presidio
930 2416 1058 2453 vallati,
1081 2416 1256 2456 splendidi
1274 2417 1309 2447 in
1325 2417 1432 2457 equi&
1449 2416 1561 2453 armis,
1586 2427 1690 2457 opum
1706 2428 1841 2448 suarum
1859 2419 2007 2462 prodigi,

173 2467 207 2499 in
232 2468 372 2500 civitate
397 2467 441 2499 ab
463 2469 622 2500 omnibus
652 2468 821 2500 honorati.
869 2468 999 2500 Horum
1025 2468 1206 2505 secundus,
1230 2469 1364 2500 scilicet
1387 2469 1546 2500 dominus
1575 2469 1797 2509 Marsilietus‚
1825 2473 2008 2514 magnifico

174 2520 313 2553 domino
338 2521 508 2553 Ubertino
532 2520 575 2552 de
606 2521 766 2553 Carraria
790 2521 825 2552 in
857 2522 1009 2553 dominio
1041 2522 1156 2553 Padue
1187 2521 1364 2558 successit,
1395 2521 1513 2564 sicque
1545 2522 1816 2554 Carrariensium
1850 2525 2008 2558 dominus

107 2575 148 2605 35
173 2580 313 2617 quartus
337 2575 459 2612 extitit,
483 2575 638 2617 quamvis
662 2575 725 2616 ipsi
757 2575 940 2617 magnifico
965 2576 1102 2607 domino
1135 2575 1305 2606 Ubertino
1330 2574 1421 2606 nulla
1454 2576 1544 2607 foret
1567 2576 1741 2618 sanguinis
1765 2577 1925 2610 affinitate
1951 2590 2009 2610 co-

174 2628 345 2665 niunctus,
368 2628 431 2660 sed
454 2629 621 2659 suadente
646 2629 782 2660 domino
806 2627 822 2643 '¹‘
838 2627 853 2644 *
869 2627 897 2665 ²³²,
921 2629 1019 2660 cuius
1043 2630 1195 2660 consiliis
1219 2628 1395 2669 predictus
1419 2628 1574 2660 dominus
1598 2629 1786 2661 Ubertinus
1810 2642 1910 2674 quam
1936 2632 2010 2673 plu-

173 2681 294 2712 rimum
324 2681 577 2724 acquiescebat.
625 2681 692 2713 Hic
722 2681 784 2713 sibi
817 2682 1012 2723 predictum
1044 2682 1217 2713 dominum
1252 2681 1476 2712 Marsilietum
1509 2682 1653 2713 dominii
1686 2683 1804 2714 Padue
1832 2686 2008 2717 constituit

174 2734 349 2772 heredem,
374 2735 468 2776 quod
491 2734 690 2772 dominium,
716 2742 848 2767 mortuo
880 2736 1018 2767 domino
1048 2736 1225 2772 Ubertino,
1251 2734 1384 2765 infelici
1410 2735 1520 2765 omine
1545 2735 1638 2766 idem
1662 2735 1812 2775 intravit,
1843 2744 1879 2769 ut
1900 2739 2008 2779 ipsius

172 2788 282 2819 exitus
307 2788 494 2820 denotavit.
542 2789 629 2820 Nam
649 2788 705 2819 vix
721 2795 863 2830 peracto
889 2789 1033 2820 dominii
1057 2789 1106 2819 sui
1131 2787 1395 2831 quadragesimo
1414 2788 1482 2824 die,
1499 2788 1646 2821 violente
1671 2790 1790 2821 mortis
1812 2801 2007 2832 supremum

108 2842 149 2872 40
173 2841 295 2872 vulnus
318 2841 464 2882 accepit,
490 2851 564 2873 cum
589 2842 709 2873 iustior
733 2842 864 2873 domini
890 2842 1049 2873 Ubertini
1073 2851 1251 2873 successor
1274 2840 1395 2871 iniuste
1419 2840 1485 2872 sibi
1509 2848 1542 2873 et
1565 2842 1724 2874 iniustum
1757 2844 2007 2886 dedignaretur

173 2894 342 2935 prelatum
365 2894 442 2925 fore
465 2904 709 2932 successorem,
733 2894 853 2937 sicque
885 2905 974 2932 eum,
999 2901 1152 2935 tempore
1175 2899 1331 2934 accepto,
1358 2893 1508 2925 dominio
1533 2900 1566 2926 et
1588 2894 1659 2926 vita
1682 2895 1780 2928 simul
1802 2897 1939 2929 exemit.

264 3005 288 3030 8.
308 3006 475 3030 mundamus
494 3006 531 3030 M
545 3020 576 3024 —
596 3013 637 3038 34.
659 3005 809 3037 Ubertino]
830 3006 932 3030 ultimo
952 3004 987 3028 M
1002 3019 1033 3023 —
1054 3012 1096 3037 40.
1118 3005 1244 3037 accepto]
1265 3006 1403 3036 occupato
1424 3006 1461 3029 lv!
