2422 3684
432 260 474 294 98
782 258 953 294 GESTA
980 258 1278 295 MAGNIFICA
1308 259 1491 296 DOMUS
1521 261 1904 298 CARRARIENSIS

741 390 881 422 REDAZ.
907 391 938 422 A

420 462 581 494 iubentur
606 462 732 493 deinde
757 472 863 504 equos
888 461 1076 493 ascendere
1101 468 1264 493 venturos

419 516 565 556 presidis
578 515 791 546 Bernabonis
804 515 967 556 accipere
982 525 1194 554 responsum,
1205 514 1262 556 qui

419 569 452 599 in
476 568 562 600 albis
587 568 737 600 vestibus
762 569 941 599 venientes
967 569 1010 599 ad
1035 578 1070 598 se
1103 574 1264 609 spectan-

419 622 509 658 dum,
533 622 581 653 uti
599 633 641 653 ex
658 622 838 662 conposito
861 623 1010 657 fuerant,
1028 627 1133 652 totam
1151 628 1264 652 traxe-

420 681 498 706 runt
512 675 698 706 civitatem.
718 675 961 716 Steteruntque
976 675 1027 705 sic
1041 680 1120 705 ante
1134 674 1262 706 curiam

419 739 482 770 per
505 729 658 769 spacium
685 729 843 760 horarum
861 728 969 758 ferme
991 727 1147 766 duarum,
1169 734 1263 759 ante-

420 793 520 824 quam
544 782 617 823 ipse
649 782 806 812 dominus
836 781 1013 812 Bernabos
1044 781 1162 818 exiret,
1195 791 1262 823 quo

419 835 528 878 magis
551 835 666 867 forent
690 834 764 866 urbi
798 834 1050 875 spectaculum.
1096 833 1157 866 Set
1188 841 1262 866 tan-

421 890 497 920 dem
514 889 654 920 domino
671 888 873 919 Bernabone
899 898 1084 930 progresso
1100 888 1263 930 nulloque

421 943 470 974 eis
494 942 588 973 facto
613 941 729 977 verbo,
754 950 878 982 equum
895 941 1098 977 ascendens,
1118 951 1177 972 eos
1201 950 1263 982 per

421 1001 524 1026 totam
550 994 652 1026 traxit
676 994 861 1030 civitatem,
876 994 1013 1025 demum
1031 994 1152 1026 vocari
1169 994 1263 1035 ipsos

420 1049 553 1079 faciens
566 1058 627 1088 pro
644 1046 864 1087 suscipiendo
881 1056 1057 1087 responso,
1074 1053 1111 1078 ut
1127 1052 1263 1087 specta-

419 1102 533 1134 culum
552 1100 660 1143 magis
678 1101 795 1131 forent
811 1099 953 1131 civitati.
993 1099 1104 1131 Multa
1121 1100 1263 1131 oblocu-

420 1163 473 1188 tus
497 1162 547 1187 est
572 1156 614 1186 de
640 1153 786 1185 dominis
811 1154 969 1185 Ferrarie
994 1160 1028 1185 et
1052 1154 1204 1191 Verone‚
1217 1155 1262 1185 de

420 1210 549 1242 Patavo
564 1220 643 1241 vero
657 1208 807 1247 minime,
823 1208 1035 1240 concludens
1048 1208 1093 1240 de
1105 1208 1262 1239 affinibus

421 1264 519 1295 nimis
553 1274 589 1294 se
619 1263 800 1294 molestum
832 1262 934 1302 ferre,
958 1267 1011 1293 set
1037 1272 1105 1293 non
1137 1261 1187 1293 sic
1218 1262 1261 1292 de

420 1317 560 1349 domino
586 1316 756 1358 paduano.
802 1314 862 1346 Sic
888 1315 1003 1357 igitur,
1028 1322 1200 1356 assumpta
1223 1315 1263 1346 li-

420 1371 552 1407 cencia,
569 1370 604 1400 in
625 1369 712 1399 albis
734 1367 887 1399 vestibus
911 1368 1105 1410 equitantes
1128 1378 1189 1410 per
1213 1374 1262 1399 to-

420 1432 487 1456 tam
526 1423 632 1464 ipsius
669 1422 799 1453 domini
838 1421 1054 1453 Bernabonis
1088 1422 1260 1453 dicionem

421 1477 523 1518 legati
550 1475 697 1517 predicti
722 1474 766 1506 ad
790 1475 964 1516 propriam
990 1475 1137 1506 rediere.
1184 1474 1260 1515 Ipse

421 1538 530 1561 nutem
557 1530 714 1560 dominus
738 1527 916 1559 Bernabos
944 1538 1005 1568 per
1035 1534 1155 1569 gentes
1185 1537 1263 1558 suas

420 1594 535 1616 versus
558 1581 1008 1617 Pischariam‚territorium
1035 1581 1177 1612 dominii
1195 1581 1264 1612 Ve—

420 1647 515 1672 rone,
542 1635 595 1666 ria
610 1645 728 1666 cursus
747 1634 829 1666 fecit
845 1634 972 1665 invadi.
1007 1633 1086 1670 Quo
1103 1634 1264 1675 perterri-

420 1697 472 1721 tus
497 1689 595 1719 minis
620 1688 757 1719 Verone
783 1697 901 1728 preses
932 1697 996 1717 ceu
1027 1697 1140 1717 rerum
1172 1687 1263 1718 inex-

420 1749 538 1784 pertus
552 1741 769 1783 magnificum
785 1740 960 1772 dominum
977 1740 1199 1771 Franciscum
1213 1750 1264 1771 se-

421 1797 550 1827 niorem
577 1795 619 1826 de
637 1794 797 1826 Carraria
813 1793 907 1824 illico
925 1794 967 1824 de
985 1800 1088 1835 gente
1105 1793 1263 1835 requirit,

420 1850 477 1891 qui
502 1854 625 1892 gentes
649 1854 716 1878 tam
742 1855 921 1888 equestres
946 1858 1045 1888 quam
1074 1847 1262 1888 pedestres,

421 1913 487 1944 quo
505 1901 612 1944 magis
630 1901 748 1942 potuit,
765 1899 878 1931 statim
896 1900 985 1930 misit
1001 1900 1047 1930 ad
1071 1910 1158 1937 eum,
1180 1910 1262 1940 pau-

422 1957 483 1993 cis,
496 1956 565 1986 imo
579 1954 689 1990 nullis,
703 1964 764 1994 pro
778 1953 925 1985 civitatis
939 1953 1096 1984 custodia
1110 1953 1262 1993 retentis,

421 2009 562 2039 hortans
586 2012 723 2047 eum7ut
746 2016 814 2037 non
839 2005 1029 2047 ambigeret
1053 2015 1164 2047 neque
1182 2015 1264 2047 gen-

420 2070 481 2099 tes,
509 2071 595 2103 quas
618 2059 769 2090 habebat
794 2058 973 2096 Mutinam,
997 2066 1190 2099 revocaret,
1220 2070 1262 2089 ne

420 2115 578 2146 dominus
601 2114 674 2154 ipse
702 2111 877 2143 Bernabos
908 2111 1027 2143 fulciri
1058 2111 1263 2142 necessariis

421 2169 539 2199 facere
574 2172 688 2207 posset
723 2165 802 2196 loca
837 2165 869 2195 in
908 2165 1070 2196 comitatu
1108 2165 1262 2195 Bononie

420 2226 600 2262 occupata.
641 2217 721 2255 Quo
746 2225 857 2249 tamen
876 2228 943 2249 non
959 2218 1117 2249 obstante
1135 2218 1178 2248 de
1195 2219 1262 2248 suis

421 2274 595 2306 Veronam
621 2273 752 2314 aliquos
768 2272 956 2303 revocavit.
990 2272 1052 2302 His
1076 2278 1190 2302 autem
1214 2272 1262 2302 sic

421 2328 539 2370 gestis,
553 2327 703 2369 gentium
720 2325 848 2356 domini
876 2324 1091 2356 Bernabonis
1116 2325 1149 2355 in
1165 2334 1264 2355 vero-

423 2391 526 2412 nense
550 2380 659 2410 solum
683 2378 813 2409 destitit
847 2388 974 2415 cursuS,
998 2383 1158 2419 ratusque
1191 2377 1262 2417 ipse

423 2434 582 2466 dominus
599 2431 774 2463 Bernabos
792 2431 858 2461 alio
876 2441 1094 2471 percurrere,
1111 2429 1264 2461 Anechi-

424 2498 501 2517 num
533 2487 575 2517 de
608 2485 805 2526 Bongardo,
831 2485 887 2525 qui
915 2484 1014 2514 Italie
1045 2483 1153 2514 solum
1185 2492 1262 2513 cum

422 2540 611 2571 socialibus
635 2538 692 2569 diu
709 2544 786 2568 ante
803 2542 1009 2573 vastaverat,
1027 2538 1070 2568 ad
1087 2535 1263 2576 stipendia

423 2604 483 2625 sua
499 2593 706 2624 conductum
723 2591 867 2631 aliisque
887 2590 956 2621 suis
972 2589 1149 2632 armigeris
1173 2598 1264 2620 asso-

424 2647 560 2683 ciatum,
585 2645 776 2676 mutinense
802 2643 910 2674 solum
929 2643 1040 2674 mictit
1054 2643 1263 2678 invasurum,

423 2699 492 2736 ubi,
516 2699 543 2730 si
568 2704 689 2740 gentes
713 2696 829 2728 debite
846 2696 992 2727 fuissent
1011 2695 1263 2738 colligatorum,

423 2763 492 2784 non
517 2761 615 2783 ausus
645 2751 761 2781 venire
786 2749 917 2790 fuisset,
943 2759 1009 2790 quo
1033 2749 1143 2786 venit,
1174 2748 1263 2778 viam

424 2806 661 2836 obstructurus
685 2803 824 2839 canalis,
842 2811 904 2843 per
919 2802 1012 2843 quod
1037 2801 1079 2832 de
1104 2800 1264 2832 Ferraria

424 2859 593 2890 Mutinam
617 2859 695 2896 itur,
713 2866 776 2887 nec
800 2855 912 2897 opidis
936 2855 969 2885 in
988 2854 1189 2887 bononiensi
1207 2863 1264 2885 oc-

426 2912 558 2954 cupatis
581 2910 747 2952 suppedia
763 2909 965 2950 prebuisset.
999 2907 1064 2939 Cui
1079 2907 1263 2939 Anechino

426 2965 530 2997 facile
554 2964 721 3006 potuisset
743 2962 875 2999 obsisti,
899 2962 926 2993 si
950 2967 1068 3003 gentes
1085 2960 1266 3002 colligato-

425 3029 498 3049 rum
523 3017 703 3049 affuissent
725 3022 758 3047 et
774 3015 861 3056 loco,
880 3024 947 3058 quo
965 3014 1069 3050 venit,
1088 3024 1122 3043 se
1140 3012 1264 3043 munis-

1330 885 1366 915 10

1329 1150 1365 1180 15

1325 1416 1366 1446 20

1326 1686 1365 1716 25

1327 1952 1369 1982 30

1327 2215 1366 2246 35

1327 2479 1367 2510 40

1327 2739 1366 2772 45

1327 3010 1367 3042 50

1745 394 1887 426 REDAZ.
1911 395 1948 426 D

1422 463 1490 504 luy,
1515 462 1576 494 che
1601 463 1634 495 ie
1658 464 1750 496 ando
1773 476 1793 496 a
1821 466 1875 496 far
1898 465 1929 497 la
1950 466 2044 497 dicta
2061 465 2264 505 ambaxada‚

1421 526 1479 548 era
1501 518 1763 560 acompagnado
1787 518 1832 550 da
1855 520 1949 551 molti
1976 519 2104 550 homini
2123 521 2264 552 armadi.

1421 567 1517 601 Stete
1541 570 1700 602 adoneha
1715 571 1751 602 in
1775 582 1911 603 camera
1936 578 2032 603 tanto
2056 572 2064 602 i
2093 571 2177 604 dicti
2196 584 2265 604 am-

1421 621 1572 660 baxaori,
1600 624 1665 654 che
1697 623 1718 655 ’1
1750 625 1788 656 fo
1812 625 1896 656 fatto
1921 630 1995 656 trea
2022 635 2106 666 para
2129 626 2173 657 de
2209 637 2266 657 ve-

1420 675 1580 708 stimente
1606 676 1754 709 bianche
1779 683 1813 709 et
1837 679 1891 719 po'
1913 678 2140 719 apresentade
2165 689 2184 709 a
2208 689 2265 721 ca-

1421 729 1541 767 schun,
1566 741 1633 762 una
1657 741 1719 771 per
1740 742 1797 762 un.
1846 732 1860 762 I
1884 730 1967 763 dicti
1999 731 2197 762 ambaxaori
2228 732 2265 763 fo

1421 783 1532 814 stretti
1556 794 1574 814 a
1599 794 1732 826 curare,
1757 786 1821 816 che
1846 785 1902 816 elli
1929 795 1973 816 no
2004 795 2040 816 se
2073 791 2208 816 trarave
2234 784 2264 816 le

1421 837 1512 868 dicte
1540 839 1742 871 vestimente
1766 839 1811 870 fin
1835 839 1900 870 che
1925 839 2064 870 durasse
2090 838 2120 869 el
2152 844 2265 869 terren

1421 889 1478 921 del
1493 890 1588 923 dicto
1604 891 1726 923 mesier
1743 892 1902 924 Bernabo
1918 898 1952 924 et
1968 892 2032 924 che
2051 891 2109 923 elli
2125 891 2151 922 si
2165 901 2265 932 apre-

1420 950 1600 976 sentarave
1624 945 1724 987 nauci
1749 945 1779 976 ai
1803 955 1841 977 so
1865 945 1995 988 signori
2020 955 2087 977 con
2116 945 2146 975 le
2170 944 2264 976 dicte

1420 996 1632 1028 vestimente.
1680 997 1741 1029 Po'
1765 999 1797 1030 ie
1828 998 1864 1029 fo
1900 998 2070 1029 comanda
2105 998 2170 1028 che
2206 997 2265 1028 elli

1419 1054 1589 1081 montasse
1613 1062 1633 1082 a
1660 1051 1792 1082 cavallo
1823 1057 1857 1083 et
1888 1051 2040 1092 viguisse
2073 1061 2093 1081 a
2125 1056 2202 1082 tuor
2233 1049 2265 1080 la

1417 1108 1571 1143 resposta
1596 1103 1652 1134 del
1669 1103 1785 1145 signor
1807 1104 1932 1136 mesier
1949 1102 2126 1140 Bernabo3
2144 1102 2152 1133 i
2173 1102 2265 1144 quali
2284 1107 2288 1111 ⁴

1419 1154 1591 1197 vignando
1623 1156 1659 1186 in
1689 1157 1892 1188 vestimente
1924 1156 2084 1193 bianche,
2117 1155 2164 1186 fe’
2195 1161 2266 1187 trar

1417 1213 1504 1239 tutta
1528 1208 1561 1239 la
1584 1215 1675 1241 terra
1698 1220 1717 1241 a
1745 1209 1931 1252 guardarli‚
1955 1219 2055 1241 como
2081 1219 2140 1240 era
2165 1208 2266 1240 orde-

1421 1261 1523 1293 nado.
1562 1262 1606 1293 Et
1622 1261 1692 1294 cosi
1710 1273 1775 1294 con
1795 1262 1827 1294 le
1844 1262 1938 1294 dicte
1955 1262 2159 1294 vestimente
2175 1266 2263 1292 stete

1419 1314 1521 1357 nanci
1545 1314 1578 1346 la
1595 1321 1691 1347 corte
1709 1326 1771 1357 per
1787 1316 1905 1357 spacio
1922 1316 2019 1358 quasi
2037 1316 2080 1347 de
2105 1315 2151 1346 do
2168 1315 2264 1351 hore,

1418 1368 1519 1409 nanci
1532 1368 1597 1400 che
1611 1368 1734 1400 mesier
1747 1367 1905 1400 Bernabo
1919 1369 2048 1400 ensisse
2063 1369 2174 1409 suom,
2188 1378 2264 1409 per-

1419 1421 1484 1452 che
1509 1420 1566 1452 elli
1591 1422 1683 1453 fosse
1707 1421 1766 1463 piu
1788 1422 1977 1464 guardadi:
2003 1433 2020 1453 e
2038 1421 2094 1463 po'
2112 1421 2180 1452 alla
2198 1421 2264 1452 fine

1420 1467 1533 1505 insido
1564 1474 1665 1506 fuora
1686 1475 1810 1507 mesier
1841 1475 2008 1511 Bernabb,
2038 1480 2070 1506 et
2100 1485 2145 1506 no
2170 1474 2264 1506 dicto

1417 1527 1542 1567 alguna
1567 1528 1685 1568 parola
1702 1527 1731 1559 ai
1755 1528 1941 1560 sovradicti
1966 1527 2176 1564 ambaxaori,
2193 1526 2262 1559 ello

1421 1581 1521 1612 meno
1546 1590 1607 1622 per
1631 1586 1718 1613 tutto
1741 1580 1863 1619 Milan,
1885 1588 1918 1612 et
1936 1580 2019 1622 po’i
2046 1580 2091 1612 fe’
2109 1581 2263 1611 chiamar

1422 1639 1541 1665 atuor
1573 1634 1603 1665 la
1626 1634 1782 1674 risposta,
1813 1634 2054 1675 straparlando
2089 1634 2195 1666 molto
2228 1633 2262 1665 di

1422 1687 1548 1730 signori
1574 1687 1617 1719 de
1641 1687 1788 1719 Ferrara
1814 1693 1847 1719 et
1872 1688 1915 1719 de
1942 1687 2094 1725 Verona,
2120 1697 2175 1718 ma
2204 1683 2277 1727 po-'

1421 1741 1488 1772 cho
1512 1740 1569 1772 del
1593 1741 1709 1783 signor
1733 1740 1857 1772 mesier
1888 1740 2085 1771 Francesco
2110 1740 2155 1770 da
2177 1739 2262 1771 Car-

1422 1805 1509 1831 rara,
1533 1794 1777 1826 concludando
1801 1794 1865 1825 che
1895 1794 1962 1825 ello
1994 1796 2103 1824 havea
2137 1799 2263 1835 troppo

1422 1848 1564 1879 moleste
1600 1848 1631 1879 le
1668 1847 1858 1879 ambaxade
1892 1846 2091 1878 sovradicte
2131 1847 2188 1878 dai
2223 1856 2262 1878 so

1423 1902 1566 1943 parenti,
1591 1912 1645 1932 tna
1674 1911 1718 1932 no
1747 1901 1815 1932 cosi
1847 1900 1904 1931 dal
1935 1900 2051 1942 signor
2082 1900 2124 1931 de
2156 1899 2261 1930 Pava.

1424 1955 1466 1986 Et
1490 1954 1560 1986 cosi
1582 1955 1664 1986 tolta
1688 1954 1834 1985 licencia
1861 1954 1868 1983 i
1887 1953 1969 1984 dicti
1987 1953 2183 1984 ambaxaori
2201 1963 2263 1994 per

1421 2011 1509 2037 tutto
1533 2007 1563 2037 el
1589 2012 1702 2037 terren
1727 2004 1770 2035 de
1796 2004 1917 2036 mesier
1943 2004 2102 2035 Bernabo
2118 2004 2128 2034 i
2147 2004 2262 2036 caval-

1421 2057 1487 2088 cho
1505 2056 1625 2088 vestidi
1640 2067 1703 2097 pur
1715 2055 1759 2087 de
1773 2055 1934 2092 biancho,
1948 2055 1991 2085 fin
2005 2055 2069 2086 che
2083 2054 2142 2085 elli
2158 2064 2260 2096 conse

1421 2121 1440 2141 a
1466 2120 1554 2141 casa.
1593 2109 1637 2140 Et
1660 2108 1770 2140 subito
1795 2109 1826 2139 el
1844 2108 1937 2139 dicto
1962 2108 2086 2139 mesier
2104 2107 2261 2139 Bernabo

1420 2164 1453 2195 in
1479 2163 1582 2195 modo
1607 2163 1709 2194 d'una
1734 2161 1868 2193 coreria
1894 2161 1939 2192 fe'
1965 2160 2150 2192 cavalchar
2174 2160 2206 2192 la
2222 2170 2260 2192 so

1420 2223 1520 2259 gente
1546 2217 1612 2247 fina
1636 2215 1834 2252 Peschiera,
1858 2221 1975 2246 terren
2000 2215 2055 2245 del
2084 2214 2261 2245 destrecto

1421 2279 1595 2301 veronese.
1641 2268 1739 2300 Della
1763 2267 1842 2309 qual
1860 2278 1940 2299 cosa
1957 2267 2110 2299 smarido
2136 2274 2261 2308 troppo

1421 2323 1453 2356 el
1477 2324 1591 2366 signor
1615 2323 1657 2354 de
1683 2321 1833 2358 Verona,
1857 2333 1956 2353 como
1982 2322 2098 2365 quello
2123 2321 2188 2353 che
2217 2331 2261 2352 no

1422 2388 1480 2408 era
1504 2387 1564 2408 uso
1589 2376 1666 2407 dele
1692 2385 1782 2411 cose,
1807 2376 2050 2406 incontenente
2075 2374 2204 2416 requiri
2229 2374 2260 2405 el

1421 2427 1605 2470 magnifico
1630 2427 1744 2469 signor
1761 2427 1883 2457 mesier
1900 2426 2097 2458 Francesco
2121 2427 2166 2457 da
2182 2424 2261 2457 Car-

1421 2489 1498 2510 rara
1522 2478 1564 2510 de
1587 2483 1704 2520 gente,
1728 2476 1759 2508 el
1803 2477 1883 2518 qual
1918 2477 2029 2508 subito
2065 2476 2098 2508 ie
2133 2476 2259 2508 mando

1421 2538 1522 2575 gente
1547 2532 1590 2562 da
1611 2530 1667 2572 pe‘
1681 2536 1715 2561 et
1732 2531 1776 2561 da
1792 2530 1938 2568 cavallo,
1956 2536 2082 2572 quanta
2107 2529 2176 2561 ello
2201 2529 2258 2571 piu

1420 2585 1531 2627 posse,
1548 2594 1592 2615 no
1607 2584 1788 2625 retegnudi
1806 2583 1923 2626 alguni
1941 2584 1975 2615 in
1991 2583 2026 2614 se
2045 2593 2107 2624 per
2127 2583 2260 2626 guarda

1421 2639 1511 2671 della
1536 2644 1635 2674 terra,
1661 2637 1925 2668 confortandolo
1953 2637 2017 2668 che
2048 2637 2116 2668 ello
2147 2647 2192 2668 no
2223 2647 2259 2668 se

1421 2692 1593 2725 dubitasse
1618 2697 1651 2722 et
1674 2691 1737 2722 che
1754 2691 1822 2722 ello
1838 2700 1883 2721 no
1899 2691 2079 2733 ritracesse
2096 2691 2130 2721 la
2146 2695 2260 2732 gente,

1422 2745 1485 2776 che
1509 2743 1576 2774 ello
1599 2743 1708 2773 havea
1731 2752 1751 2771 a
1774 2741 1936 2779 Modena,
1960 2740 2091 2784 acoche
2119 2741 2141 2771 '1
2164 2741 2259 2772 dieto

1421 2796 1544 2828 mesier
1557 2794 1715 2826 Bernabo
1729 2805 1772 2826 no
1785 2804 1940 2835 possesse
1953 2794 2062 2825 fornir
2076 2793 2166 2826 delle
2180 2803 2259 2824 cose

1420 2848 1610 2882 necessarie
1634 2848 1645 2878 i
1671 2847 1799 2889 luoghi‚
1814 2848 1878 2879 che
1905 2847 1972 2879 ello
1998 2847 2107 2878 havea
2125 2846 2259 2887 occupa

1419 2903 1471 2934 sul
1495 2908 1610 2933 terren
1635 2902 1678 2932 de
1704 2899 1870 2943 Bologna.
1916 2900 1968 2931 La
1992 2900 2072 2942 qual
2090 2909 2171 2931 cosa
2189 2909 2258 2930 non

1420 2955 1599 2993 obstando,
1623 2964 1687 2994 pur
1712 2953 1741 2984 el
1767 2953 1862 2985 dicto
1892 2953 2008 2995 signor
2040 2953 2082 2984 de
2118 2952 2258 2984 Verona

1421 3008 1569 3040 revochb
1595 3006 1708 3048 alguni
1735 3006 1769 3037 di
1794 3007 1855 3038 soi.
1903 3006 1952 3038 Le
1977 3006 2056 3047 qual
2083 3015 2162 3037 cose
2187 3005 2258 3036 cosi
