2422 3684
436 261 609 297 GESTA
638 261 938 299 MAGNIFICA
966 263 1150 300 DOMUS
1180 263 1573 301 CARRARIENSIS
1902 263 1948 303 69

205 466 275 499 194.
296 485 330 490 -
351 465 606 507 Successi[o]ne
631 467 780 508 predicti
798 469 952 507 dominii,

113 525 148 551 ut
164 519 291 550 dictum
307 526 368 557 est,
380 519 415 550 in
427 525 570 560 nepotes
586 520 765 560 predictos
779 521 952 560 devoluta,

111 579 256 614 nepotes
279 572 355 614 ipsi,
380 582 448 603 non
465 573 576 603 minus
593 583 695 613 quam
713 580 852 613 patruus
869 580 951 612 erat,

110 625 228 657 infesti
261 633 338 657 sunt
352 625 372 657 ¹.
418 625 471 657 Ex
503 635 570 668 quo
602 625 719 662 Tusci,
750 626 950 666 Lombardi,

109 678 246 715 Veneti,
269 678 506 710 Ferrarienses
530 684 564 709 et
586 678 741 710 Paduani
766 679 952 719 imperato-

107 731 155 763 ris
180 732 301 764 Karoli
324 731 501 764 solicitant
525 732 739 771 descensum,
763 733 952 774 legacioni-

109 786 171 816 bus
209 784 382 817 nobilibus
420 791 454 816 et
491 785 774 826 promissionibus
808 787 949 818 instant.

109 838 179 876 Qui
203 839 400 880 imperator,
420 838 483 870 etsi
507 839 602 880 prius
618 839 835 870 descendere
852 851 951 871 recu-

106 898 250 929 saverat‚
283 892 501 924 considerato
534 897 688 932 tempore
720 892 764 923 ad
796 893 846 923 sui
871 899 949 924 vota

106 945 269 985 secundo,
290 946 332 977 de
349 945 548 976 intencione
567 956 627 976 sua
643 944 737 985 prius
755 945 948 977 cerciorato

106 998 286 1040 magnifico
319 999 458 1030 domino
491 998 678 1029 Francisco
711 999 754 1029 de
789 998 949 1030 Carraria

104 1062 171 1083 una
196 1061 272 1082 cum
297 1051 437 1083 domino
461 1050 626 1082 Iacobino
651 1052 694 1082 de
719 1051 891 1089 Carraria,
912 1051 946 1082 in

103 1105 223 1137 Padua
245 1105 383 1147 imperii
408 1104 538 1136 vicario
571 1104 738 1146 generali,
768 1115 845 1136 cum
879 1116 949 1136 ma-

102 1158 228 1201 gnifica
251 1159 396 1189 heroum
420 1164 454 1189 et
479 1157 645 1189 baronum
679 1157 842 1189 comitiva
875 1159 949 1190 die-

103 1212 165 1242 bus
188 1213 222 1243 in
246 1211 367 1253 paucis
384 1212 427 1243 de
448 1210 590 1242 Boemia
607 1210 750 1242 Utinum
768 1211 948 1252 applicuit,

103 1264 160 1296 die
185 1264 352 1296 videlicet
378 1274 458 1295 xnrt
483 1264 636 1295 octubris
653 1263 823 1295 millesimi
842 1264 949 1296 CCC-

101 1317 209 1350 LIIII.
256 1317 321 1350 Cui
355 1328 463 1359 usque
499 1318 544 1348 ad
581 1316 758 1354 sacillum,
799 1324 946 1349 castrum

102 1371 266 1413 Forijulii,
291 1380 369 1402 cum
394 1371 500 1402 nobili
517 1370 760 1402 Paduanorum
786 1371 948 1403 comitiva

102 1423 303 1466 magnificus
347 1423 504 1455 dominus
549 1423 735 1455 Iacobinus
782 1426 946 1457 occurrit.

102 1477 171 1515 Qui
207 1487 270 1518 per
304 1476 472 1508 Purcilias
507 1476 688 1513 transiens,
725 1476 802 1508 loca
838 1477 947 1508 adivit

101 1529 207 1562 Feltri
232 1536 264 1561 et
290 1529 433 1565 sselluni,
458 1529 608 1561 sociatus
632 1529 858 1571 Aquiletrensi
888 1542 948 1571 pa-

99 1583 237 1620 triarca,
262 1583 370 1614 fratre
395 1583 466 1614 eius
498 1583 657 1620 naturali,
690 1589 724 1614 et
747 1584 946 1624 supradicto

101 1636 240 1668 domino
258 1637 444 1673 Iacobino;
468 1637 511 1668 de
530 1636 699 1678 predictis
717 1636 803 1668 locis
821 1637 946 1668 deinde

100 1688 330 1726 descendens,
347 1690 403 1721 die
421 1689 531 1730 primo
549 1688 751 1721 novembris
770 1690 945 1721 Baxanum

99 1742 249 1774 intravit.
274 1741 379 1774 Cuius
391 1743 545 1784 prescito
558 1743 722 1781 adventu,
736 1743 947 1785 magnificus

101 1795 257 1827 dominus
281 1796 491 1827 Franciscus
516 1796 559 1826 de
584 1795 745 1828 Carraria
770 1796 945 1826 Baxanum

99 1859 178 1880 mox
208 1849 387 1890 equitavit,
420 1859 521 1890 quem
552 1849 739 1890 imperator
762 1849 846 1890 ipse,
875 1859 942 1880 non

99 1907 136 1933 ut
157 1913 255 1933 suum
278 1901 399 1933 Padue
423 1901 599 1942 vicarium,
624 1902 686 1933 sed
703 1908 741 1933 ut
758 1902 866 1933 filium
891 1913 946 1933 re-

100 1955 204 1997 cepit.
249 1956 314 1987 Die
338 1965 422 1987 vero
447 1955 555 1986 tercio
580 1955 778 1987 novembris
801 1967 864 1997 per
889 1957 946 1988 Ci-

100 2008 262 2040 tadellam
288 2009 460 2040 transiens
491 2014 526 2040 et
554 2008 586 2039 in
610 2008 693 2040 villa
722 2007 943 2041 Curtaroduli

98 2061 245 2102 prandio
285 2060 469 2100 celebrato,
512 2061 667 2093 Paduam
709 2072 773 2103 per
810 2068 942 2103 portam

98 2114 250 2146 introivit
266 2113 446 2146 Trinitatis
463 2114 645 2156 posuitque
662 2115 780 2146 sedem
797 2126 892 2146 suam
908 2116 943 2146 in

98 2166 233 2208 palacio
265 2167 483 2199 dominorum
516 2168 559 2198 de
591 2167 762 2208 Carraria,
798 2179 941 2211 quorum

97 2220 288 2261 sumptibus
312 2220 442 2252 curiam
468 2220 585 2252 habuit
610 2221 818 2263 generalem.
850 2222 944 2252 Fuit-

98 2283 163 2315 que
188 2273 364 2314 predictus
389 2273 549 2305 dominus
568 2274 755 2315 imperator
772 2285 848 2306 cum
867 2285 943 2315 pre-

98 2325 197 2358 dictis
220 2326 368 2358 dominis
392 2325 659 2358 Aldrevandino
682 2328 884 2359 marchione
909 2335 942 2359 et

97 2379 324 2421 Aquilegensi
355 2379 552 2420 patriarcha
579 2380 696 2412 Padue
729 2380 765 2411 in
798 2381 944 2412 familia-

96 2433 195 2464 ritate
220 2433 440 2474 permaxima‚
465 2433 524 2465 ubi
549 2434 605 2466 die
630 2434 716 2465 iovis
740 2444 778 2465 vr
802 2445 943 2467 novem-

96 2485 175 2524 bris,
199 2486 235 2517 in
257 2486 423 2518 catedrali
440 2486 600 2523 ecclesia,
617 2487 744 2519 milicie
763 2488 942 2520 decoravit

95 2538 226 2570 honore
259 2539 487 2581 magnificum
524 2539 699 2572 dominum
738 2541 939 2573 Iacobinum

97 2592 140 2622 de
164 2591 335 2623 Carraria.
371 2592 410 2623 In
435 2592 531 2624 cuius
558 2593 699 2625 honoris
723 2593 839 2625 leticia
864 2605 942 2635 pre-

97 2645 178 2689 dicti
203 2645 333 2676 domini
357 2645 542 2677 Iacobinus
565 2651 600 2678 et
623 2646 830 2678 Franciscus
848 2647 940 2679 dona

97 2697 245 2737 plurima
273 2697 504 2730 contulerunt.

168 2914 208 2932 u.
225 2908 381 2932 certiorata
403 2907 439 2932 M
454 2921 488 2926 —
508 2915 549 2941 37.
571 2909 764 2934 marchionem
785 2911 822 2934 M

186 3018 196 3035 ¹
216 3018 355 3052 Comus„
377 3021 516 3051 Chronica,
535 3021 582 3051 XI,
604 3028 627 3046 ι.

1017 891 1054 921 10

1016 1156 1051 1186 15

1011 1422 1051 1452 20

1008 1954 1048 1983 30

1006 2484 1046 2514 40

1006 2752 1044 2783 45

1432 395 1574 431 Rmmz.
1599 399 1635 431 D

1205 469 1275 501 194.
1302 487 1341 492 —
1366 469 1581 512 Devignuda,
1606 480 1706 503 como
1738 472 1756 503 ὲ
1782 472 1888 510 dicto,
1920 473 1953 506 la

1111 523 1309 554 succession
1348 523 1424 555 dela
1459 523 1610 565 signoria
1642 525 1685 555 de
1711 525 1835 556 Millan
1859 526 1893 556 in
1920 527 1953 559 ie

1110 576 1238 608 nevodi
1263 576 1319 607 del
1337 576 1430 607 dicto
1454 576 1578 608 mesier
1607 577 1866 616 l’arcivescovm
1896 581 1952 612 elli

1110 630 1194 660 sono
1214 629 1271 670 piu
1289 629 1426 660 suberbi
1453 635 1486 660 et
1502 630 1681 667 contrarii,
1698 631 1762 662 che
1779 641 1824 662 no
1842 643 1899 663 era
1916 643 1952 664 so

1110 682 1228 713 barba.
1260 681 1327 712 Per
1343 681 1375 712 13
1399 681 1478 723 qual
1496 692 1575 713 cosa
1592 682 1601 712 i
1620 683 1808 721 Toschani‚
1826 684 1834 714 i
1852 684 1951 716 Lom-

1110 734 1221 771 bardi,
1244 734 1256 765 i
1283 734 1486 772 Veneciani,
1514 734 1524 764 i
1557 735 1688 776 signori
1718 735 1764 767 de
1796 737 1952 774 Ferrara,

1109 786 1206 829 quilli
1230 787 1275 818 da
1299 787 1392 818 Pava
1417 787 1523 818 molto
1546 788 1725 819 solicitava
1743 799 1810 820 con
1834 789 1953 822 nobile

1107 840 1305 872 ambaxarie
1331 846 1364 872 et
1387 851 1471 883 gran
1497 851 1672 882 promesse
1691 841 1721 872 la
1737 842 1890 883 vignuda
1907 843 1951 874 de

1108 894 1218 926 Karlo
1242 894 1461 935 imperadore
1485 895 1552 926 alle
1577 901 1674 936 parte
1692 896 1736 927 de
1754 895 1863 927 Italia.
1908 897 1952 928 El

1109 947 1199 989 qual,
1222 947 1359 979 benche
1383 948 1493 988 prima
1517 949 1660 980 havesse
1685 949 1807 980 recusa
1833 951 1876 982 de
1893 961 1953 982 vo-

1109 1001 1159 1032 ler
1182 1000 1384 1038 descender,
1409 1012 1509 1033 como
1534 1002 1551 1032 ὲ
1577 1002 1683 1040 dicto,
1706 1013 1770 1044 pur
1793 1004 1951 1045 vecando

1107 1060 1140 1085 et
1164 1054 1419 1086 considerando
1437 1055 1470 1086 el
1488 1060 1603 1096 tempo
1621 1057 1776 1087 secundo
1801 1056 1869 1087 alla
1891 1067 1951 1088 soa

1107 1107 1296 1144 intencion‚
1322 1107 1416 1139 facto
1440 1108 1552 1149 prima
1568 1109 1655 1140 certi
1681 1109 1724 1140 de
1749 1109 1889 1141 l'animo
1912 1121 1950 1142 so

1107 1160 1117 1189 i
1144 1161 1319 1202 magnifici
1343 1161 1474 1203 signori
1491 1161 1668 1194 Iacomino
1692 1168 1726 1194 et
1749 1161 1949 1195 Francesco

1108 1214 1151 1244 da
1175 1213 1333 1250 Carrara,
1347 1214 1399 1245 soi
1423 1214 1547 1245 vicarii
1573 1215 1604 1245 in
1623 1215 1656 1246 la
1682 1215 1752 1246 cita
1776 1215 1819 1247 de
1842 1216 1949 1255 Pava‚

1108 1276 1170 1297 con
1198 1266 1289 1298 bella
1314 1268 1519 1309 compagnia
1550 1267 1593 1298 de
1625 1268 1747 1299 baroni
1779 1275 1812 1300 et
1836 1269 1880 1300 de
1905 1271 1949 1301 si-

1106 1321 1205 1362 gnori
1231 1321 1261 1350 in
1290 1320 1393 1361 pochi
1419 1321 1451 1351 di
1475 1321 1518 1352 de
1537 1320 1678 1352 Boemia
1695 1323 1864 1354 cavalcho
1882 1324 1950 1356 fma

1106 1373 1241 1410 Udene,
1265 1380 1298 1404 et
1323 1373 1344 1404 li
1361 1374 1433 1405 rivo
1459 1386 1477 1405 a
1503 1374 1536 1405 di
1554 1374 1763 1415 quatordese
1789 1377 1832 1407 de
1851 1383 1947 1409 octo-

1106 1437 1165 1456 vre
1198 1427 1253 1457 del
1285 1427 1464 1458 millesimo
1489 1428 1646 1468 predicto
1678 1429 1772 1460 mille
1795 1435 1948 1462 tresento

1106 1480 1292 1521 cinquanta
1317 1487 1451 1521 quatro.
1493 1480 1535 1511 Al
1561 1482 1640 1521 qual
1666 1481 1774 1513 Karlo
1799 1483 1948 1523 impera-

1106 1533 1170 1562 dor
1194 1533 1225 1562 el
1250 1533 1434 1574 magnifico
1459 1533 1610 1564 Iacomin
1637 1545 1655 1564 a
1680 1534 1827 1566 Carrara
1855 1537 1947 1567 ando

1106 1585 1262 1616 incontra
1288 1585 1353 1616 lino
1378 1596 1397 1616 a
1423 1586 1550 1622 Sacile,
1575 1587 1717 1617 castello
1747 1587 1801 1618 del
1831 1589 1947 1628 Frioli,

1105 1646 1169 1667 con
1194 1635 1310 1666 nobile
1344 1637 1551 1677 compagnia
1583 1637 1626 1667 de
1662 1637 1767 1669 nobili
1804 1638 1946 1672 Pavani.

1104 1689 1167 1720 Poi
1193 1689 1224 1719 el
1248 1689 1342 1720 dieto
1367 1689 1577 1729 imperadon
1602 1692 1865 1733 acompagnado
1890 1693 1947 1723 del

1104 1742 1301 1783 patriarcha
1319 1741 1492 1783 d'Agolia‚
1508 1753 1545 1773 so
1564 1743 1652 1774 frelo
1678 1744 1822 1780 natural,
1839 1752 1872 1776 et
1890 1745 1947 1777 del

1105 1795 1198 1826 dicto
1217 1795 1339 1825 mesier
1357 1795 1509 1826 lacomin
1537 1796 1581 1826 da
1598 1796 1756 1832 Carrma,
1775 1799 1947 1838 passando

1105 1859 1165 1889 per
1189 1848 1303 1879 Purcii
1328 1858 1441 1879 venne
1466 1859 1484 1878 n
1510 1847 1631 1880 Civida
1656 1857 1689 1880 et
1714 1861 1733 1880 a
1759 1851 1884 1888 Feltre,
1901 1857 1947 1890 et,

1104 1902 1315 1942 partandose
1333 1901 1389 1942 poi
1407 1902 1449 1932 de
1467 1901 1508 1938 1201,
1527 1913 1546 1932 a
1563 1902 1598 1932 di
1616 1902 1726 1943 primo
1746 1904 1788 1934 de
1808 1914 1946 1934 vovem-

1105 1954 1164 1985 bre
1188 1954 1278 1984 intro
1295 1954 1329 1984 in
1347 1953 1488 1985 Bassan.
1535 1954 1585 1986 La
1609 1955 1760 1996 vignuda
1786 1955 1842 1987 del
1868 1957 1947 1998 qual

1103 2007 1235 2048 sapuda
1259 2017 1323 2047 per
1347 2006 1380 2037 lo
1409 2007 1591 2048 magnifico
1615 2007 1734 2049 signor
1750 2010 1946 2042 h‘rancesco

1104 2061 1147 2091 da
1171 2060 1326 2095 Carrara,
1350 2059 1465 2090 subito
1488 2060 1536 2090 lui
1562 2060 1731 2092 cavalcho
1763 2072 1780 2092 a
1805 2061 1944 2094 Bassan.

1102 2112 1244 2144 Receve
1268 2112 1490 2153 l'imperador
1513 2113 1543 2144 el
1570 2113 1664 2144 dicto
1695 2115 1878 2156 magnifico
1903 2116 1946 2145 si-

1101 2177 1189 2209 gnor
1206 2167 1415 2204 Francesco,
1438 2177 1483 2197 no
1509 2166 1632 2198 chomo
1656 2177 1693 2198 so
1722 2168 1865 2204 vicario,
1890 2180 1945 2200 ma

1103 2229 1201 2250 como
1226 2219 1315 2250 fiolo.
1355 2219 1426 2256 Ρο’,
1443 2230 1462 2250 3
1480 2220 1514 2251 (11
1531 2220 1575 2251 tri
1591 2221 1634 2252 de
1652 2221 1850 2258 novembre,
1867 2233 1945 2263 pas-

1100 2273 1208 2304 sando
1227 2283 1288 2313 per
1301 2272 1484 2309 Cstadella,
1502 2283 1612 2304 venne
1636 2284 1656 2304 a
1679 2273 1796 2304 disnar
1819 2286 1839 2305 a
1856 2275 1943 2306 Cor-

1102 2323 1246 2359 taruolo‚
1271 2329 1315 2360 et,
1339 2322 1517 2355 celebrato
1542 2323 1575 2354 el
1598 2324 1725 2364 disnar,
1750 2325 1805 2366 po’
1832 2336 1894 2366 per
1912 2326 1944 2358 13

1102 2382 1201 2417 porta
1225 2376 1315 2406 della
1340 2376 1475 2406 Trinita
1508 2376 1596 2408 intro
1627 2378 1662 2408 in
1694 2377 1798 2409 Pava.
1844 2379 1889 2410 Et
1918 2379 1942 2411 11

1102 2439 1184 2470 pose
1209 2429 1241 2459 la
1264 2439 1323 2460 soa
1340 2430 1433 2460 sedia
1451 2429 1485 2460 in
1513 2430 1543 2460 lo
1560 2429 1684 2472 palaco
1702 2430 1735 2461 di
1753 2431 1881 2473 signori
1899 2433 1942 2463 da

1101 2479 1258 2517 Carrara,
1275 2490 1295 2510 a
1311 2489 1410 2520 spese
1427 2480 1461 2510 di
1478 2480 1571 2522 quali
1586 2480 1652 2512 ello
1667 2481 1754 2512 have
1771 2488 1867 2514 corte
1882 2493 1942 2524 ge-

1101 2530 1229 2562 nerale.
1268 2531 1314 2561 Et
1330 2530 1365 2561 fo
1382 2530 1413 2560 el
1431 2530 1525 2561 dicto
1543 2530 1742 2572 imperador
1765 2532 1800 2562 in
1824 2533 1856 2563 la
1873 2534 1941 2565 citit

1102 2584 1144 2615 de
1170 2583 1264 2615 Pava
1278 2583 1312 2613 in
1329 2594 1413 2625 gran
1433 2583 1677 2627 domestegeca
1694 2591 1727 2615 et
1744 2585 1941 2618 familiaritla

1103 2644 1167 2665 con
1193 2634 1202 2664 i
1227 2634 1312 2665 dicti
1335 2634 1463 2675 signori
1488 2635 1532 2665 da
1555 2635 1714 2674 Carrara,
1732 2646 1797 2667 con
1816 2636 1942 2668 Aldro-

1100 2685 1238 2722 vandiu,
1253 2684 1434 2716 marchexe
1453 2684 1559 2723 d’Est,
1575 2692 1608 2717 et
1621 2696 1685 2718 con
1700 2688 1730 2717 el
1744 2688 1940 2727 patriarcha

1100 2737 1273 2779 d’Agolia.
1310 2737 1354 2768 Et
1367 2737 1438 2768 cosi
1454 2748 1521 2768 una
1545 2739 1668 2780 cuoba,
1684 2749 1722 2770 VI
1739 2739 1782 2771 de
1800 2750 1940 2772 novem-

1101 2789 1171 2826 bre,
1183 2788 1219 2818 in
1242 2789 1275 2818 la
1298 2788 1418 2830 ghiesa
1441 2789 1617 2820 catedrale
1642 2790 1709 2821 ello
1734 2790 1865 2822 adorno
1881 2791 1940 2823 del
