2422 3684
485 379 544 410 154
568 378 669 419 [199].
695 397 735 401 —
762 377 863 410 Anno
886 378 1017 411 domini
1042 377 1303 415 MCCCXLVI,
1330 377 1385 409 die
1408 387 1462 409 νη
1485 378 1646 416 ianuarii,
1669 378 1808 411 iubente
1833 379 2025 422 magnifico
2043 378 2171 410 Iacobo
2189 379 2232 411 de

391 431 562 468 Carraria,
588 431 752 463 Nicolaus
777 432 820 464 de
846 432 952 464 Lucio
968 432 988 468 ¹,
1014 437 1136 463 contra
1153 431 1265 472 ipsum
1283 431 1449 472 proditor,
1474 430 1658 472 publicatis
1681 431 1780 464 bonis
1804 433 1872 464 suis
1895 442 1958 474 per
1982 432 2112 463 curiam
2138 437 2236 473 pote-

395 485 491 516 statis
514 494 577 526 pro
600 484 731 517 rebelle
756 484 873 516 Padue
899 484 1038 526 publice
1067 485 1328 516 condemnatur.

490 582 545 612 155
570 581 670 623 [200].
693 600 738 606 --
761 582 896 614 Eodem
920 581 976 612 die
1001 582 1053 612 vir
1077 580 1240 622 egregius
1264 580 1455 622 Biaquinus
1480 580 1522 612 de
1554 580 1739 613 Purciliis²
1763 582 1875 614 filiam
1907 581 2088 614 Guilielmi
2118 581 2232 613 Dente

394 645 414 666 a
438 635 626 678 magnifico
653 635 777 667 Iacobo
808 635 851 666 de
876 634 1045 669 Carraria,
1071 634 1168 665 cuius
1192 643 1359 676 germana
1383 639 1459 665 erat
1481 644 1545 675 per
1576 635 1650 666 eius
1680 641 1834 674 matrem,
1864 646 2017 667 sororem
2050 634 2230 678 magnifici
2257 634 2274 665 5

396 687 525 719 domini
552 688 688 720 Nicolai
714 688 757 719 de
782 687 952 725 Carraria,
978 686 1174 718 honorifice
1199 686 1297 718 duxit
1320 697 1473 718 uxorem.

488 787 548 817 156
572 785 672 826 [2¹]l].
700 803 741 809 —·
766 785 926 817 Andreas
951 785 1123 822 Dandulo,
1149 784 1380 816 Veneciarum
1406 786 1487 822 dux,
1512 791 1546 817 et
1577 796 1721 818 comune
1754 791 1898 828 propter
1927 787 2034 818 multa
2067 786 2232 828 obsequia

393 850 413 870 a
437 839 625 881 magnifico
651 838 777 870 Iacobo
802 839 845 869 de
870 838 1031 870 Carraria
1056 838 1138 878 ipsis
1169 837 1358 869 liberaliter
1391 837 1554 879 impensa,
1587 839 1631 870 de
1655 839 1780 881 quibus
1804 840 1947 871 inferius
1971 840 2108 871 dicetur
2123 838 2146 878 ³,
2173 849 2234 870 suo

394 892 537 934 proprio
562 898 656 923 motu
681 892 912 923 decreverunt
938 891 972 921 in
998 891 1169 922 concione
1202 890 1366 931 publica⁴
1399 891 1597 931 predictum
1620 892 1847 934 magnificum
1871 891 2035 923 Iacobum
2060 902 2137 923 cum
2161 892 2234 922 suis

393 945 650 977 successoribus
674 952 707 976 et
732 945 879 985 posteris
904 943 1134 975 Veneciarum
1160 953 1233 975 esse
1259 944 1435 981 concives,
1460 955 1502 975 ex
1527 944 1622 976 cuius
1645 945 1808 976 beneficii
1832 946 1950 988 gracia
1982 945 2128 977 Iacobus
2161 945 2234 986 ipse
2261 945 2298 976 10

395 1008 474 1029 cum
498 998 661 1030 comitiva
686 997 792 1028 nobili
818 997 989 1029 Venecias
1014 997 1259 1038 proficiscitur.
1307 997 1412 1028 Cuius
1436 997 1587 1029 adventu
1612 997 1776 1030 Veneciis
1799 999 1963 1039 prescsto,
1996 999 2025 1029 ei
2057 1008 2164 1040 usque
2190 998 2234 1029 ad

395 1051 560 1093 Oriagum
586 1051 680 1082 multi
706 1056 932 1082 occurrerunt
955 1050 1088 1081 nobiles
1114 1049 1345 1081 Venetorum:
1369 1050 1403 1081 in
1428 1050 1561 1081 lacunis
1585 1060 1668 1082 vero
1691 1051 1784 1082 iuxta
1808 1051 1981 1083 Venecias
2012 1051 2076 1083 filii
2104 1051 2233 1082 domini

394 1104 492 1136 ducis
517 1114 594 1136 cum
619 1104 827 1135 consiliariis
851 1110 885 1134 et
908 1103 1069 1134 nobilitas
1093 1103 1254 1133 universa
1271 1103 1470 1144 predictum
1487 1104 1712 1145 magnificum
1736 1104 1898 1136 Iacobum
1925 1105 1968 1136 de
1992 1105 2156 1136 Carraria
2174 1115 2234 1135 na-

396 1167 471 1189 vem
491 1158 647 1188 ducalem
673 1156 863 1188 ascendere
891 1162 1111 1199 rogaverunt.
1159 1156 1196 1186 ln
1228 1156 1327 1187 cuius
1358 1157 1527 1188 descensu
1559 1167 1636 1188 cum
1668 1157 1825 1188 cantibus
1857 1164 1890 1188 et
1921 1157 2011 1188 tubis
2042 1164 2076 1189 et
2107 1157 2234 1199 gaudio

393 1210 578 1251 multiplici
601 1209 760 1241 dominus
783 1209 853 1240 dux
877 1210 909 1240 ei
933 1209 1087 1240 occurrit
1108 1209 1140 1239 ei
1166 1209 1383 1240 annuncians
1407 1209 1450 1240 de
1474 1209 1689 1241 Venetorum
1714 1210 1863 1241 omnium
1889 1209 2105 1251 beneplacito
2121 1211 2234 1252 ipsum
2263 1209 2298 1241 15

394 1275 471 1295 cum
495 1263 754 1295 successoribus
777 1263 847 1294 suis
871 1262 986 1293 civem
1011 1268 1165 1293 creatum
1189 1262 1266 1292 fore
1292 1261 1537 1293 Veneciarum.
1585 1261 1654 1300 Qui
1679 1263 1889 1306 magnificus
1915 1263 2062 1295 Iacobus
2086 1274 2129 1295 ex
2152 1270 2233 1295 tunc

393 1317 532 1348 domino
549 1316 630 1348 duci
646 1322 680 1347 et
697 1316 835 1346 comuni
861 1315 1068 1347 fidelitatem
1092 1314 1223 1345 iuratur
1247 1321 1282 1345 ut
1307 1315 1404 1346 civis.
1450 1314 1581 1346 Tenuit
1605 1322 1718 1347 autem
1742 1316 1816 1357 ipse
1840 1315 1989 1347 Iacobus
2013 1316 2047 1346 in
2072 1316 2238 1347 Veneciis

391 1370 513 1402 diebus
537 1369 708 1410 aliquibus
732 1369 863 1399 curiam
887 1369 1096 1411 generalem,
1122 1368 1233 1399 eciam
1258 1378 1336 1399 cum
1362 1368 1504 1399 domino
1529 1368 1618 1399 duce
1642 1369 1679 1400 in
1704 1368 1863 1400 convivio
1888 1369 2037 1400 mirifice
2055 1376 2232 1411 receptus;

394 1424 429 1454 in
451 1423 540 1454 vasis
564 1422 676 1453 aureis
700 1428 734 1453 et
758 1422 942 1464 argenteis,
966 1421 1089 1462 pannis
1114 1427 1148 1452 et
1173 1421 1262 1452 varis
1286 1421 1352 1452 fuit
1377 1421 1566 1463 magnifice
1592 1428 1820 1463 presentatus,
1868 1421 1913 1454 Et
1944 1423 2042 1454 fuere
2074 1423 2234 1464 predicta

394 1476 515 1508 eodem
541 1485 631 1506 anno
657 1475 700 1506 de
726 1485 843 1505 mense
869 1474 1025 1505 ianuarii.
2257 1476 2300 1506 20

485 1573 541 1605 157
569 1573 671 1613 [2021.
704 1590 747 1595 —
779 1572 910 1603 Eodem
943 1581 1071 1607 mense,
1106 1573 1160 1603 die
1195 1582 1312 1603 xx1111.
1360 1572 1413 1603 Ex
1444 1573 1715 1615 magnificencia
1746 1578 1780 1604 et
1811 1573 2016 1605 liberalitate
2050 1573 2232 1616 magnifici

392 1627 507 1658 Iacobi
534 1627 577 1657 de
604 1624 790 1656 Carraria⁵
814 1625 904 1657 servi
929 1625 1069 1656 illorum
1094 1626 1137 1656 de
1162 1625 1273 1657 Lucio
1299 1625 1493 1663 confiscati,
1517 1626 1561 1657 de
1585 1626 1707 1668 quibus
1739 1626 1832 1657 circa
1863 1633 2001 1658 centum
2033 1627 2131 1658 fuere
2155 1637 2232 1668 pre-

393 1687 518 1718 sentes,
540 1679 706 1711 servitute
730 1678 854 1710 emissa
878 1678 1037 1710 libertate
1062 1679 1247 1710 donantur.

483 1778 541 1808 158
579 1776 679 1818 [203]-
715 1795 751 1798 ——
782 1776 884 1807 Anno
916 1777 1081 1813 secundo,
1114 1782 1148 1807 et
1179 1777 1236 1808 die
1268 1776 1379 1818 primo
1411 1776 1584 1808 dominii⁶
1617 1777 1800 1819 magnifici
1831 1776 1949 1809 Iacobi
1983 1777 2027 1808 de
2059 1777 2233 1814 Carraria,

391 1832 504 1863 silicet
529 1831 587 1861 die
611 1830 756 1872 septimo
782 1830 872 1868 maii,
896 1831 1056 1870 inceptus
1080 1830 1146 1860 fuit
1171 1840 1290 1861 cursus
1315 1829 1423 1861 bravii
1450 1841 1509 1862 seu
1534 1831 1614 1871 palii
1639 1830 1673 1862 in
1699 1832 1864 1862 honorem
1889 1830 2038 1871 predicti
2056 1830 2174 1862 Iacobi
2200 1836 2234 1862 et
2258 1830 2297 1862 25

394 1884 594 1916 memoriam
618 1883 874 1924 sempiternam.

484 1982 544 2013 159
569 1981 672 2022 [2041.
709 1999 742 2004 —
779 1981 962 2023 Indignum
996 1980 1101 2011 michi
1137 1981 1244 2012 visum
1277 1987 1329 2013 est
1359 1981 1421 2013 sub
1453 1981 1598 2013 silencio
1629 1981 1805 2023 preterite,
1837 1982 1865 2013 si
1900 1992 1967 2013 non
1998 1982 2032 2013 in
2063 1983 2231 2024 generali,

393 2036 505 2067 saltim
529 2036 592 2066 sub
626 2034 911 2075 particularitate,
943 2034 1112 2076 obsequia
1143 2035 1282 2066 domino
1315 2035 1394 2066 duci
1428 2041 1463 2065 et
1495 2035 1696 2067 comunitati
1730 2035 1951 2066 Venetiarum
1984 2036 2140 2077 impensa
2170 2046 2233 2077 per

392 2090 622 2131 prescriptum
648 2088 873 2130 magnificum
898 2087 1072 2124 Iacobum,
1098 2097 1175 2118 cum
1201 2088 1244 2119 de
1269 2088 1352 2129 ipsis
1375 2088 1519 2119 fecerim
1544 2088 1700 2129 superius
1724 2088 1953 2119 mencionem.

485 2188 545 2219 100
569 2186 668 2228 [2051.
693 2205 736 2210 —-
761 2187 892 2219 Civitas
914 2186 1026 2224 Iadre,
1051 2187 1146 2217 iuxta
1160 2196 1252 2218 mare
1269 2185 1460 2217 Adrianum
1475 2185 1487 2201 ⁷
1509 2187 1644 2225 sedens,
1667 2186 1750 2218 viris
1765 2192 1888 2227 potens
1905 2192 1938 2217 et
1961 2187 2065 2218 armis
2081 2187 2233 2218 cunctis·
2255 2187 2298 2218 30

393 2252 458 2283 que
483 2241 688 2272 necessariis
712 2240 756 2272 ad
779 2250 858 2271 usus
882 2239 1009 2270 fertilis
1032 2240 1210 2276 humanos,
1233 2239 1291 2270 diu
1316 2239 1381 2270 sibi
1398 2239 1525 2270 tributo
1544 2239 1773 2270 Veneciarum
1799 2239 1868 2270 suis
1893 2239 2020 2270 viribus
2045 2240 2232 2282 compulsa,

395 2295 522 2326 auxilio
547 2294 640 2336 regis
664 2293 818 2336 Ungarie
844 2299 999 2334 ternpore
1025 2293 1194 2324 libertatis
1217 2293 1356 2334 adepto,
1372 2293 1515 2324 Venetis
1531 2291 1723 2324 rebellavit.
1763 2293 1813 2323 Ex
1831 2303 1899 2334 quo
1917 2293 2042 2324 Veneti
2061 2293 2233 2336 suffragio

393 2347 521 2380 milicie
546 2347 723 2389 magnifici
749 2346 865 2378 Iacobi
891 2347 934 2377 de
960 2346 1119 2378 Carraria
1143 2345 1176 2377 in
1193 2344 1436 2383 MCCCXLV‚
1461 2346 1504 2376 de
1529 2356 1645 2377 mense
1669 2346 2001 2387 augusti,1adrinam
2026 2346 2234 2378 obsederunt

395 2401 581 2432 civitatem.
629 2400 719 2431 Hinc
746 2399 866 2431 Veneti
885 2400 1004 2441 galeas
1022 2398 1152 2430 habent
1176 2400 1298 2430 castris
1319 2399 1475 2435 munitas,
1492 2398 1680 2437 trabuehis,
1703 2399 1863 2440 pontibus
1880 2405 1914 2430 et
1931 2399 2006 2430 aliis
2030 2399 2237 2431 necessariis

395 2453 439 2484 ad
466 2453 610 2489 bellum3
637 2453 717 2483 hinc
742 2458 777 2483 et
794 2453 905 2483 eciam
931 2458 1128 2483 terrestrem
1153 2451 1283 2483 habent
1306 2452 1516 2487 exerciturm
1543 2451 1600 2493 qui
1624 2452 1759 2492 utrique
1784 2452 1840 2481 die
1865 2458 2038 2493 noctuque
2057 2452 2229 2484 civitatem
2254 2451 2296 2484 35

394 2512 604 2549 pei-gravant
628 2511 662 2536 et
686 2506 862 2536 infestant.
911 2505 995 2536 Inde
1020 2505 1148 2536 Iadrini
1173 2505 1261 2536 intra
1278 2504 1393 2535 menia
1417 2504 1586 2545 compulsi
1609 2513 1646 2535 se
1663 2504 1809 2535 viriliter
1833 2504 2043 2541 defendunt;
2069 2505 2232 2547 utrinque

395 2560 531 2591 assidue
556 2568 755 2591 scaramuce
780 2559 979 2596 fiunt,nunc
1003 2559 1103 2589 unius
1126 2557 1246 2599 partis,
1272 2568 1362 2588 nunc
1387 2557 1526 2588 alterius
1551 2557 1643 2588 exitu
1669 2558 1779 2588 felici.
1827 2558 1878 2588 De
1902 2568 2017 2589 mense
2041 2569 2124 2590 vero
2146 2558 2233 2590 iunii

486 2677 510 2701 7.
529 2671 619 2703 ipsius
638 2671 769 2694 civitatis
791 2673 906 2701 propter
927 2671 950 2695 S
969 2684 1000 2688 —
1020 2670 1044 2694 8.
1064 2671 1185 2694 inferius
1205 2678 1254 2694 suo
1274 2671 1338 2694 loco
1360 2671 1469 2694 dicetur
1484 2670 1506 2694 S
1524 2671 1557 2693 ed
1574 2679 1622 2694 om.
1643 2677 1693 2694 suo
1712 2672 1830 2702 proprio
1850 2674 1929 2695 motu
1950 2685 1982 2688 —
2009 2678 2046 2695 10.
2067 2672 2142 2695 cives
2163 2678 2230 2695 con-

396 2715 492 2738 stituit
514 2714 707 2741 Veneciarum,
726 2721 759 2736 ex
781 2714 858 2736 cuius
879 2713 900 2736 S
920 2727 952 2730 —-
976 2719 1013 2743 15.
1034 2712 1072 2744 ei]
1090 2714 1181 2736 eidem
1201 2712 1223 2737 S
1242 2725 1273 2730 —-
1297 2720 1335 2744 ¹7-
1355 2716 1446 2736 autem
1469 2714 1528 2744 ipse
1548 2721 1595 2735 om.
1618 2714 1639 2736 S
1659 2727 1688 2729 —
1710 2712 1797 2743 25-26.
1813 2714 1842 2736 in
1863 2714 1971 2737 honore
1991 2714 2111 2745 predicti
2133 2713 2228 2737 Iacobi

397 2758 423 2780 et
438 2756 573 2779 memoria
600 2756 772 2786 sempiterna
793 2756 816 2779 S
840 2769 870 2771 —
892 2762 933 2785 27.
954 2755 1067 2779 videtur
1087 2755 1109 2778 S
1126 2768 1159 2773 —
1179 2761 1221 2787 29.
1239 2756 1397 2786 predictum
1418 2755 1567 2778 dominum
1588 2754 1767 2785 magnificum
1789 2756 1811 2779 S
1830 2769 1858 2772 κ-
1887 2763 1928 2787 34.
1950 2756 2070 2786 aliisque
2089 2755 2113 2780 S
2130 2769 2162 2772 —
2187 2762 2230 2786 35.

395 2799 463 2822 hinc
489 2807 538 2822 om.
564 2798 588 2822 S

489 2894 496 2912 ¹
517 2895 652 2927 Con-rus„
675 2896 814 2924 Chronica,
830 2896 877 2925 IX,
900 2904 926 2927 4.
1431 2893 1441 2909 ⁵
1460 2893 1595 2926 Conrvs„
1619 2896 1759 2923 Chronica.
1779 2895 1825 2925 IX,
1847 2901 1870 2926 5.

488 2936 498 2953 2
518 2938 652 2967 emm-us,
674 2939 814 2967 Chronica,
835 2938 883 2967 IX,
903 2946 927 2969 4.
1431 2934 1443 2950 ⁶
1463 2936 1597 2965 CORTUS„
1619 2937 1758 2967 Chronica,
1778 2936 1825 2965 IX,
1847 2944 1870 2968 5.
2262 2946 2295 2964 10

487 2978 497 2994 ³
516 2980 586 3004 Vedi
609 2982 686 3004 sotto
705 2988 764 3012 cap.
788 2979 847 3004 162.
1431 2977 1442 2995 ⁷
1460 2978 1596 3008 CORTUS„
1620 2979 1757 3011 Chronica,
1779 2979 1826 3007 lx.
1847 2979 1871 3003 6.

486 3021 497 3037 ⁴
518 3021 654 3053 Comus,
674 3024 812 3052 Chronica,
831 3023 870 3047 IX
901 3029 924 3055 5.
