<?xml version="1.0" encoding="UTF-8"?>
<!DOCTYPE html PUBLIC "-//W3C//DTD XHTML 1.0 Transitional//EN"
    "http://www.w3.org/TR/xhtml1/DTD/xhtml1-transitional.dtd">
<html xmlns="http://www.w3.org/1999/xhtml" xml:lang="en" lang="en">
 <head>
  <title>
</title>
<meta http-equiv="Content-Type" content="text/html;charset=utf-8" />
  <meta name='ocr-system' content='tesseract 3.04.00' />
  <meta name='ocr-capabilities' content='ocr_page ocr_carea ocr_par ocr_line ocrx_word'/>
</head>
<body>
  <div class='ocr_page' id='page_1' title='image "./p1f11rerumitalica17murauoft_0143.png"; bbox 0 0 2422 3684; ppageno 0'>
   <div class='ocr_carea' id='block_1_1' title="bbox 0 0 39 817">
    <p class='ocr_par' dir='ltr' id='par_1_1' title="bbox 0 0 39 817">
     <span class='ocr_line' id='line_1_1' title="bbox 0 0 39 817; baseline 0 0"><span class='ocrx_word' id='word_1_1' title='bbox 0 0 39 817; x_wconf 95' lang='lat' dir='ltr'> </span> 
     </span>
    </p>
   </div>
   <div class='ocr_carea' id='block_1_2' title="bbox 448 222 1948 263">
    <p class='ocr_par' dir='ltr' id='par_1_2' title="bbox 448 222 1948 263">
     <span class='ocr_line' id='line_1_2' title="bbox 448 222 1948 263; baseline 0.001 -6"><span class='ocrx_word' id='word_1_2' title='bbox 448 222 617 258; x_wconf 91' lang='lat' dir='ltr'>GESTA</span> <span class='ocrx_word' id='word_1_3' title='bbox 648 222 950 259; x_wconf 86' lang='lat' dir='ltr'><strong>MAGNIFICA</strong></span> <span class='ocrx_word' id='word_1_4' title='bbox 980 223 1165 259; x_wconf 89' lang='lat' dir='ltr'>DOMUS</span> <span class='ocrx_word' id='word_1_5' title='bbox 1193 223 1580 259; x_wconf 86' lang='lat' dir='ltr'>CARRARIENSIS</span> <span class='ocrx_word' id='word_1_6' title='bbox 1906 224 1948 263; x_wconf 88' lang='lat'>71</span> 
     </span>
    </p>
   </div>
   <div class='ocr_carea' id='block_1_3' title="bbox 439 354 636 388">
    <p class='ocr_par' dir='ltr' id='par_1_3' title="bbox 439 354 636 388">
     <span class='ocr_line' id='line_1_3' title="bbox 439 354 636 388; baseline -0.005 0"><span class='ocrx_word' id='word_1_7' title='bbox 439 355 579 388; x_wconf 75' lang='lat' dir='ltr'>REDAz.</span> <span class='ocrx_word' id='word_1_8' title='bbox 603 354 636 387; x_wconf 84' lang='lat' dir='ltr'><em>A</em></span> 
     </span>
    </p>
   </div>
   <div class='ocr_carea' id='block_1_4' title="bbox 116 426 956 523">
    <p class='ocr_par' dir='ltr' id='par_1_4' title="bbox 116 426 956 523">
     <span class='ocr_line' id='line_1_4' title="bbox 118 426 956 469; baseline 0 -10"><span class='ocrx_word' id='word_1_9' title='bbox 118 433 153 460; x_wconf 89' lang='lat' dir='ltr'>et</span> <span class='ocrx_word' id='word_1_10' title='bbox 177 427 317 465; x_wconf 82' lang='lat' dir='ltr'>honore,</span> <span class='ocrx_word' id='word_1_11' title='bbox 343 427 483 459; x_wconf 87' lang='lat' dir='ltr'>obtenta</span> <span class='ocrx_word' id='word_1_12' title='bbox 507 426 548 458; x_wconf 89' lang='lat' dir='ltr'>ab</span> <span class='ocrx_word' id='word_1_13' title='bbox 572 427 782 467; x_wconf 82' lang='lat' dir='ltr'>imperatore</span> <span class='ocrx_word' id='word_1_14' title='bbox 800 427 956 469; x_wconf 73' lang='lat' dir='ltr'>licencia,</span> 
     </span>
     <span class='ocr_line' id='line_1_5' title="bbox 116 480 954 523; baseline 0 -10"><span class='ocrx_word' id='word_1_15' title='bbox 116 483 182 513; x_wconf 89' lang='lat' dir='ltr'>iter</span> <span class='ocrx_word' id='word_1_16' title='bbox 205 487 336 513; x_wconf 89' lang='lat' dir='ltr'>rectum</span> <span class='ocrx_word' id='word_1_17' title='bbox 360 491 477 512; x_wconf 87' lang='lat' dir='ltr'>versus</span> <span class='ocrx_word' id='word_1_18' title='bbox 501 480 666 511; x_wconf 85' lang='lat' dir='ltr'>Patavam</span> <span class='ocrx_word' id='word_1_19' title='bbox 691 480 809 523; x_wconf 76' lang='lat' dir='ltr'>dirigit</span> <span class='ocrx_word' id='word_1_20' title='bbox 826 480 954 513; x_wconf 90' lang='lat' dir='ltr'>urbem.</span> 
     </span>
    </p>
   </div>
   <div class='ocr_carea' id='block_1_5' title="bbox 109 790 959 2112">
    <p class='ocr_par' dir='ltr' id='par_1_5' title="bbox 109 790 959 2112">
     <span class='ocr_line' id='line_1_6' title="bbox 207 790 957 832; baseline 0 -10"><span class='ocrx_word' id='word_1_21' title='bbox 207 791 278 825; x_wconf 85' lang='lat'>197.</span> <span class='ocrx_word' id='word_1_22' title='bbox 303 808 344 813; x_wconf 82' lang='lat'>-</span> <span class='ocrx_word' id='word_1_23' title='bbox 369 790 595 822; x_wconf 88' lang='lat' dir='ltr'>Serenissima</span> <span class='ocrx_word' id='word_1_24' title='bbox 625 790 825 831; x_wconf 77' lang='lat' dir='ltr'>imperatrix</span> <span class='ocrx_word' id='word_1_25' title='bbox 841 791 849 807; x_wconf 74' lang='lat'>¹</span> <span class='ocrx_word' id='word_1_26' title='bbox 881 796 957 832; x_wconf 83' lang='lat' dir='ltr'>post</span> 
     </span>
     <span class='ocr_line' id='line_1_7' title="bbox 113 842 956 886; baseline -0.002 -9"><span class='ocrx_word' id='word_1_27' title='bbox 113 844 330 886; x_wconf 87' lang='lat' dir='ltr'>imperatoris</span> <span class='ocrx_word' id='word_1_28' title='bbox 353 844 459 884; x_wconf 79' lang='lat' dir='ltr'>ipsius</span> <span class='ocrx_word' id='word_1_29' title='bbox 482 842 698 879; x_wconf 77' lang='lat' dir='ltr'>descensum,</span> <span class='ocrx_word' id='word_1_30' title='bbox 718 843 774 874; x_wconf 90' lang='lat' dir='ltr'>die</span> <span class='ocrx_word' id='word_1_31' title='bbox 790 843 956 885; x_wconf 70' lang='lat' dir='ltr'>vigesimo</span> 
     </span>
     <span class='ocr_line' id='line_1_8' title="bbox 115 896 958 939; baseline -0.002 -10"><span class='ocrx_word' id='word_1_32' title='bbox 115 898 225 939; x_wconf 88' lang='lat' dir='ltr'>primo</span> <span class='ocrx_word' id='word_1_33' title='bbox 259 896 419 933; x_wconf 84' lang='lat' dir='ltr'>ianuarii,</span> <span class='ocrx_word' id='word_1_34' title='bbox 451 896 709 939; x_wconf 80' lang='lat' dir='ltr'>magnificorum</span> <span class='ocrx_word' id='word_1_35' title='bbox 745 897 889 927; x_wconf 86' lang='lat' dir='ltr'>heroum</span> <span class='ocrx_word' id='word_1_36' title='bbox 925 903 958 927; x_wconf 87' lang='lat' dir='ltr'>et</span> 
     </span>
     <span class='ocr_line' id='line_1_9' title="bbox 116 949 959 982; baseline -0.002 0"><span class='ocrx_word' id='word_1_37' title='bbox 116 951 279 982; x_wconf 88' lang='lat' dir='ltr'>baronum</span> <span class='ocrx_word' id='word_1_38' title='bbox 304 949 526 981; x_wconf 85' lang='lat' dir='ltr'>multitudine</span> <span class='ocrx_word' id='word_1_39' title='bbox 551 949 716 981; x_wconf 88' lang='lat' dir='ltr'>comitata</span> <span class='ocrx_word' id='word_1_40' title='bbox 740 949 891 981; x_wconf 84' lang='lat' dir='ltr'>Paduam</span> <span class='ocrx_word' id='word_1_41' title='bbox 908 950 959 981; x_wconf 90' lang='lat' dir='ltr'>in-</span> 
     </span>
     <span class='ocr_line' id='line_1_10' title="bbox 114 1003 958 1045; baseline -0.002 -9"><span class='ocrx_word' id='word_1_42' title='bbox 114 1005 228 1036; x_wconf 81' lang='lat' dir='ltr'>travit.</span> <span class='ocrx_word' id='word_1_43' title='bbox 275 1004 338 1036; x_wconf 89' lang='lat' dir='ltr'>Cui</span> <span class='ocrx_word' id='word_1_44' title='bbox 362 1003 537 1045; x_wconf 84' lang='lat' dir='ltr'>magnifici</span> <span class='ocrx_word' id='word_1_45' title='bbox 562 1003 693 1034; x_wconf 88' lang='lat' dir='ltr'>domini</span> <span class='ocrx_word' id='word_1_46' title='bbox 724 1004 766 1034; x_wconf 87' lang='lat' dir='ltr'>de</span> <span class='ocrx_word' id='word_1_47' title='bbox 798 1003 958 1035; x_wconf 86' lang='lat' dir='ltr'>Carraria</span> 
     </span>
     <span class='ocr_line' id='line_1_11' title="bbox 114 1056 957 1099; baseline -0.004 -9"><span class='ocrx_word' id='word_1_48' title='bbox 114 1058 292 1099; x_wconf 88' lang='lat' dir='ltr'>omnisque</span> <span class='ocrx_word' id='word_1_49' title='bbox 317 1057 465 1088; x_wconf 83' lang='lat' dir='ltr'>ecclesia</span> <span class='ocrx_word' id='word_1_50' title='bbox 489 1067 566 1088; x_wconf 90' lang='lat' dir='ltr'>cum</span> <span class='ocrx_word' id='word_1_51' title='bbox 591 1056 744 1098; x_wconf 85' lang='lat' dir='ltr'>reliquiis</span> <span class='ocrx_word' id='word_1_52' title='bbox 760 1063 957 1088; x_wconf 83' lang='lat' dir='ltr'>sanctorum</span> 
     </span>
     <span class='ocr_line' id='line_1_12' title="bbox 114 1110 959 1152; baseline -0.004 -8"><span class='ocrx_word' id='word_1_53' title='bbox 114 1118 148 1144; x_wconf 91' lang='lat' dir='ltr'>et</span> <span class='ocrx_word' id='word_1_54' title='bbox 169 1111 331 1143; x_wconf 88' lang='lat' dir='ltr'>universa</span> <span class='ocrx_word' id='word_1_55' title='bbox 353 1110 481 1142; x_wconf 84' lang='lat' dir='ltr'>milicia</span> <span class='ocrx_word' id='word_1_56' title='bbox 506 1121 582 1142; x_wconf 87' lang='lat' dir='ltr'>cum</span> <span class='ocrx_word' id='word_1_57' title='bbox 611 1110 704 1141; x_wconf 90' lang='lat' dir='ltr'>omni</span> <span class='ocrx_word' id='word_1_58' title='bbox 734 1121 861 1152; x_wconf 80' lang='lat' dir='ltr'>genere</span> <span class='ocrx_word' id='word_1_59' title='bbox 888 1122 959 1141; x_wconf 89' lang='lat' dir='ltr'>mu-</span> 
     </span>
     <span class='ocr_line' id='line_1_13' title="bbox 111 1162 956 1205; baseline -0.001 -9"><span class='ocrx_word' id='word_1_60' title='bbox 111 1165 261 1196; x_wconf 87' lang='lat' dir='ltr'>sicorum</span> <span class='ocrx_word' id='word_1_61' title='bbox 286 1170 321 1195; x_wconf 89' lang='lat' dir='ltr'>et</span> <span class='ocrx_word' id='word_1_62' title='bbox 344 1163 470 1205; x_wconf 71' lang='lat' dir='ltr'>gaudio</span> <span class='ocrx_word' id='word_1_63' title='bbox 493 1163 708 1204; x_wconf 87' lang='lat' dir='ltr'>permaximo</span> <span class='ocrx_word' id='word_1_64' title='bbox 737 1162 873 1194; x_wconf 82' lang='lat' dir='ltr'>obviam</span> <span class='ocrx_word' id='word_1_65' title='bbox 898 1173 956 1195; x_wconf 93' lang='lat' dir='ltr'>oc-</span> 
     </span>
     <span class='ocr_line' id='line_1_14' title="bbox 113 1217 958 1259; baseline -0.002 -9"><span class='ocrx_word' id='word_1_66' title='bbox 113 1223 305 1250; x_wconf 86' lang='lat' dir='ltr'>currerunt.</span> <span class='ocrx_word' id='word_1_67' title='bbox 352 1217 437 1254; x_wconf 90' lang='lat' dir='ltr'>Hec,</span> <span class='ocrx_word' id='word_1_68' title='bbox 450 1217 598 1259; x_wconf 80' lang='lat' dir='ltr'>reginali</span> <span class='ocrx_word' id='word_1_69' title='bbox 622 1227 715 1247; x_wconf 91' lang='lat' dir='ltr'>more</span> <span class='ocrx_word' id='word_1_70' title='bbox 740 1217 874 1254; x_wconf 83' lang='lat' dir='ltr'>vestita,</span> <span class='ocrx_word' id='word_1_71' title='bbox 898 1217 958 1248; x_wconf 90' lang='lat' dir='ltr'>do-</span> 
     </span>
     <span class='ocr_line' id='line_1_15' title="bbox 112 1270 956 1312; baseline -0.004 -8"><span class='ocrx_word' id='word_1_72' title='bbox 112 1272 267 1304; x_wconf 86' lang='lat' dir='ltr'>minabus</span> <span class='ocrx_word' id='word_1_73' title='bbox 284 1272 415 1303; x_wconf 83' lang='lat' dir='ltr'>sociata</span> <span class='ocrx_word' id='word_1_74' title='bbox 432 1270 621 1312; x_wconf 80' lang='lat' dir='ltr'>magnificis</span> <span class='ocrx_word' id='word_1_75' title='bbox 637 1271 672 1302; x_wconf 88' lang='lat' dir='ltr'>in</span> <span class='ocrx_word' id='word_1_76' title='bbox 688 1270 783 1302; x_wconf 90' lang='lat' dir='ltr'>cultu</span> <span class='ocrx_word' id='word_1_77' title='bbox 802 1271 956 1309; x_wconf 86' lang='lat' dir='ltr'>honesto,</span> 
     </span>
     <span class='ocr_line' id='line_1_16' title="bbox 111 1322 953 1368; baseline -0.002 -11"><span class='ocrx_word' id='word_1_78' title='bbox 111 1337 173 1368; x_wconf 91' lang='lat' dir='ltr'>per</span> <span class='ocrx_word' id='word_1_79' title='bbox 202 1330 336 1366; x_wconf 88' lang='lat' dir='ltr'>portam</span> <span class='ocrx_word' id='word_1_80' title='bbox 369 1324 530 1355; x_wconf 82' lang='lat' dir='ltr'>Omnium</span> <span class='ocrx_word' id='word_1_81' title='bbox 562 1322 767 1355; x_wconf 86' lang='lat' dir='ltr'>Sanctorum</span> <span class='ocrx_word' id='word_1_82' title='bbox 800 1323 953 1355; x_wconf 84' lang='lat' dir='ltr'>Paduam</span> 
     </span>
     <span class='ocr_line' id='line_1_17' title="bbox 112 1377 957 1420; baseline -0.002 -9"><span class='ocrx_word' id='word_1_83' title='bbox 112 1380 280 1411; x_wconf 90' lang='lat' dir='ltr'>incedunt</span> <span class='ocrx_word' id='word_1_84' title='bbox 292 1387 454 1420; x_wconf 87' lang='lat' dir='ltr'>suamqua</span> <span class='ocrx_word' id='word_1_85' title='bbox 468 1378 599 1415; x_wconf 87' lang='lat' dir='ltr'>sedem,</span> <span class='ocrx_word' id='word_1_86' title='bbox 615 1377 856 1418; x_wconf 85' lang='lat' dir='ltr'>imperatorios</span> <span class='ocrx_word' id='word_1_87' title='bbox 872 1377 957 1409; x_wconf 86' lang='lat' dir='ltr'>ritus</span> 
     </span>
     <span class='ocr_line' id='line_1_18' title="bbox 111 1430 955 1472; baseline -0.004 -8"><span class='ocrx_word' id='word_1_88' title='bbox 111 1433 233 1470; x_wconf 89' lang='lat' dir='ltr'>innita,</span> <span class='ocrx_word' id='word_1_89' title='bbox 258 1432 291 1463; x_wconf 90' lang='lat' dir='ltr'>in</span> <span class='ocrx_word' id='word_1_90' title='bbox 325 1431 470 1472; x_wconf 80' lang='lat' dir='ltr'>palaciis</span> <span class='ocrx_word' id='word_1_91' title='bbox 500 1431 615 1472; x_wconf 85' lang='lat' dir='ltr'>posuit</span> <span class='ocrx_word' id='word_1_92' title='bbox 643 1430 872 1469; x_wconf 88' lang='lat' dir='ltr'>dominorum,</span> <span class='ocrx_word' id='word_1_93' title='bbox 896 1430 955 1462; x_wconf 89' lang='lat' dir='ltr'>ubi</span> 
     </span>
     <span class='ocr_line' id='line_1_19' title="bbox 112 1483 957 1525; baseline -0.002 -8"><span class='ocrx_word' id='word_1_94' title='bbox 112 1485 276 1518; x_wconf 85' lang='lat' dir='ltr'>nobilium</span> <span class='ocrx_word' id='word_1_95' title='bbox 303 1491 501 1517; x_wconf 87' lang='lat' dir='ltr'>cunctarum</span> <span class='ocrx_word' id='word_1_96' title='bbox 527 1483 741 1516; x_wconf 89' lang='lat' dir='ltr'>dominarum</span> <span class='ocrx_word' id='word_1_97' title='bbox 766 1484 885 1516; x_wconf 87' lang='lat' dir='ltr'>Padue</span> <span class='ocrx_word' id='word_1_98' title='bbox 905 1485 957 1525; x_wconf 88' lang='lat' dir='ltr'>ip-</span> 
     </span>
     <span class='ocr_line' id='line_1_20' title="bbox 111 1537 956 1579; baseline -0.002 -8"><span class='ocrx_word' id='word_1_99' title='bbox 111 1550 225 1571; x_wconf 88' lang='lat' dir='ltr'>sorum</span> <span class='ocrx_word' id='word_1_100' title='bbox 251 1537 444 1579; x_wconf 80' lang='lat' dir='ltr'>sumptibus</span> <span class='ocrx_word' id='word_1_101' title='bbox 461 1537 678 1568; x_wconf 87' lang='lat' dir='ltr'>dominorum</span> <span class='ocrx_word' id='word_1_102' title='bbox 705 1537 770 1568; x_wconf 81' lang='lat' dir='ltr'>fuit</span> <span class='ocrx_word' id='word_1_103' title='bbox 795 1538 956 1569; x_wconf 87' lang='lat' dir='ltr'>continuo</span> 
     </span>
     <span class='ocr_line' id='line_1_21' title="bbox 112 1591 954 1634; baseline -0.002 -10"><span class='ocrx_word' id='word_1_104' title='bbox 112 1592 206 1624; x_wconf 86' lang='lat' dir='ltr'>curia</span> <span class='ocrx_word' id='word_1_105' title='bbox 248 1591 427 1634; x_wconf 85' lang='lat' dir='ltr'>generalis.</span> <span class='ocrx_word' id='word_1_106' title='bbox 475 1591 539 1622; x_wconf 85' lang='lat' dir='ltr'>Die</span> <span class='ocrx_word' id='word_1_107' title='bbox 578 1601 659 1622; x_wconf 88' lang='lat' dir='ltr'>vero</span> <span class='ocrx_word' id='word_1_108' title='bbox 696 1599 769 1622; x_wconf 87' lang='lat' dir='ltr'>xxv</span> <span class='ocrx_word' id='word_1_109' title='bbox 808 1591 954 1631; x_wconf 80' lang='lat' dir='ltr'>predicti</span> 
     </span>
     <span class='ocr_line' id='line_1_22' title="bbox 110 1643 956 1686; baseline -0.001 -9"><span class='ocrx_word' id='word_1_110' title='bbox 110 1646 238 1678; x_wconf 86' lang='lat' dir='ltr'>mensis</span> <span class='ocrx_word' id='word_1_111' title='bbox 261 1645 465 1686; x_wconf 83' lang='lat' dir='ltr'>imperatrix</span> <span class='ocrx_word' id='word_1_112' title='bbox 488 1644 564 1686; x_wconf 89' lang='lat' dir='ltr'>ipsa</span> <span class='ocrx_word' id='word_1_113' title='bbox 579 1653 698 1675; x_wconf 89' lang='lat' dir='ltr'>versus</span> <span class='ocrx_word' id='word_1_114' title='bbox 714 1643 808 1675; x_wconf 81' lang='lat' dir='ltr'>Pisas</span> <span class='ocrx_word' id='word_1_115' title='bbox 828 1645 956 1686; x_wconf 82' lang='lat' dir='ltr'>accipit</span> 
     </span>
     <span class='ocr_line' id='line_1_23' title="bbox 110 1697 956 1740; baseline -0.001 -9"><span class='ocrx_word' id='word_1_116' title='bbox 110 1700 187 1737; x_wconf 87' lang='lat' dir='ltr'>iter,</span> <span class='ocrx_word' id='word_1_117' title='bbox 210 1699 270 1731; x_wconf 91' lang='lat' dir='ltr'>ubi</span> <span class='ocrx_word' id='word_1_118' title='bbox 293 1704 376 1729; x_wconf 89' lang='lat' dir='ltr'>tunc</span> <span class='ocrx_word' id='word_1_119' title='bbox 400 1699 521 1730; x_wconf 85' lang='lat' dir='ltr'>aderat</span> <span class='ocrx_word' id='word_1_120' title='bbox 544 1697 740 1739; x_wconf 86' lang='lat' dir='ltr'>imperator,</span> <span class='ocrx_word' id='word_1_121' title='bbox 770 1708 869 1740; x_wconf 87' lang='lat' dir='ltr'>quam</span> <span class='ocrx_word' id='word_1_122' title='bbox 896 1699 956 1730; x_wconf 91' lang='lat' dir='ltr'>do—</span> 
     </span>
     <span class='ocr_line' id='line_1_24' title="bbox 111 1750 953 1791; baseline -0.002 -7"><span class='ocrx_word' id='word_1_123' title='bbox 111 1753 221 1784; x_wconf 88' lang='lat' dir='ltr'>minus</span> <span class='ocrx_word' id='word_1_124' title='bbox 248 1751 456 1783; x_wconf 88' lang='lat' dir='ltr'>Franciscus</span> <span class='ocrx_word' id='word_1_125' title='bbox 487 1751 530 1782; x_wconf 91' lang='lat' dir='ltr'>de</span> <span class='ocrx_word' id='word_1_126' title='bbox 562 1750 722 1782; x_wconf 85' lang='lat' dir='ltr'>Carraria</span> <span class='ocrx_word' id='word_1_127' title='bbox 753 1762 815 1791; x_wconf 88' lang='lat' dir='ltr'>per</span> <span class='ocrx_word' id='word_1_128' title='bbox 848 1757 953 1783; x_wconf 88' lang='lat' dir='ltr'>totum</span> 
     </span>
     <span class='ocr_line' id='line_1_25' title="bbox 110 1804 956 1841; baseline -0.002 -3"><span class='ocrx_word' id='word_1_129' title='bbox 110 1817 206 1838; x_wconf 89' lang='lat' dir='ltr'>suurn</span> <span class='ocrx_word' id='word_1_130' title='bbox 238 1804 446 1837; x_wconf 82' lang='lat' dir='ltr'>territorium</span> <span class='ocrx_word' id='word_1_131' title='bbox 477 1804 664 1835; x_wconf 87' lang='lat' dir='ltr'>honorifice</span> <span class='ocrx_word' id='word_1_132' title='bbox 695 1805 849 1841; x_wconf 80' lang='lat' dir='ltr'>sociavit,</span> <span class='ocrx_word' id='word_1_133' title='bbox 873 1804 956 1836; x_wconf 87' lang='lat' dir='ltr'>Ale-</span> 
     </span>
     <span class='ocr_line' id='line_1_26' title="bbox 110 1857 954 1898; baseline 0 -9"><span class='ocrx_word' id='word_1_134' title='bbox 110 1857 246 1889; x_wconf 85' lang='lat' dir='ltr'>mannis</span> <span class='ocrx_word' id='word_1_135' title='bbox 267 1857 454 1898; x_wconf 79' lang='lat' dir='ltr'>nobiHbus,</span> <span class='ocrx_word' id='word_1_136' title='bbox 480 1857 523 1888; x_wconf 89' lang='lat' dir='ltr'>de</span> <span class='ocrx_word' id='word_1_137' title='bbox 547 1857 604 1888; x_wconf 91' lang='lat' dir='ltr'>die</span> <span class='ocrx_word' id='word_1_138' title='bbox 628 1857 663 1888; x_wconf 89' lang='lat' dir='ltr'>in</span> <span class='ocrx_word' id='word_1_139' title='bbox 688 1857 779 1888; x_wconf 91' lang='lat' dir='ltr'>diem</span> <span class='ocrx_word' id='word_1_140' title='bbox 803 1868 866 1898; x_wconf 82' lang='lat' dir='ltr'>per</span> <span class='ocrx_word' id='word_1_141' title='bbox 890 1859 954 1889; x_wconf 85' lang='lat' dir='ltr'>Pa-</span> 
     </span>
     <span class='ocr_line' id='line_1_27' title="bbox 111 1909 954 1952; baseline -0.001 -9"><span class='ocrx_word' id='word_1_142' title='bbox 111 1911 214 1943; x_wconf 86' lang='lat' dir='ltr'>duam</span> <span class='ocrx_word' id='word_1_143' title='bbox 238 1911 347 1952; x_wconf 81' lang='lat' dir='ltr'>ipsam</span> <span class='ocrx_word' id='word_1_144' title='bbox 378 1909 602 1951; x_wconf 83' lang='lat' dir='ltr'>sequentibus</span> <span class='ocrx_word' id='word_1_145' title='bbox 632 1910 903 1951; x_wconf 81' lang='lat' dir='ltr'>imperatricem,</span> <span class='ocrx_word' id='word_1_146' title='bbox 936 1922 954 1942; x_wconf 85' lang='lat' dir='ltr'>a</span> 
     </span>
     <span class='ocr_line' id='line_1_28' title="bbox 109 1963 954 2006; baseline 0 -10"><span class='ocrx_word' id='word_1_147' title='bbox 109 1964 276 2006; x_wconf 85' lang='lat' dir='ltr'>predictis</span> <span class='ocrx_word' id='word_1_148' title='bbox 311 1964 503 2006; x_wconf 85' lang='lat' dir='ltr'>magnificis</span> <span class='ocrx_word' id='word_1_149' title='bbox 540 1963 687 1995; x_wconf 84' lang='lat' dir='ltr'>dominis</span> <span class='ocrx_word' id='word_1_150' title='bbox 721 1963 886 1996; x_wconf 86' lang='lat' dir='ltr'>Iacobino</span> <span class='ocrx_word' id='word_1_151' title='bbox 921 1970 954 1996; x_wconf 86' lang='lat' dir='ltr'>et</span> 
     </span>
     <span class='ocr_line' id='line_1_29' title="bbox 110 2016 954 2059; baseline 0.001 -11"><span class='ocrx_word' id='word_1_152' title='bbox 110 2016 298 2050; x_wconf 88' lang='lat' dir='ltr'>Francisco</span> <span class='ocrx_word' id='word_1_153' title='bbox 322 2018 365 2050; x_wconf 90' lang='lat' dir='ltr'>de</span> <span class='ocrx_word' id='word_1_154' title='bbox 390 2017 549 2050; x_wconf 88' lang='lat' dir='ltr'>Carraria</span> <span class='ocrx_word' id='word_1_155' title='bbox 573 2017 708 2059; x_wconf 87' lang='lat' dir='ltr'>magnis</span> <span class='ocrx_word' id='word_1_156' title='bbox 734 2028 871 2059; x_wconf 85' lang='lat' dir='ltr'>semper</span> <span class='ocrx_word' id='word_1_157' title='bbox 901 2029 954 2049; x_wconf 89' lang='lat' dir='ltr'>su-</span> 
     </span>
     <span class='ocr_line' id='line_1_30' title="bbox 110 2069 675 2112; baseline -0.004 -10"><span class='ocrx_word' id='word_1_158' title='bbox 110 2071 238 2112; x_wconf 85' lang='lat' dir='ltr'>sceptis</span> <span class='ocrx_word' id='word_1_159' title='bbox 260 2070 450 2112; x_wconf 86' lang='lat' dir='ltr'>sumptibus</span> <span class='ocrx_word' id='word_1_160' title='bbox 476 2075 509 2101; x_wconf 92' lang='lat' dir='ltr'>et</span> <span class='ocrx_word' id='word_1_161' title='bbox 533 2069 675 2101; x_wconf 90' lang='lat' dir='ltr'>honore.</span> 
     </span>
    </p>
   </div>
   <div class='ocr_carea' id='block_1_6' title="bbox 108 2274 957 2795">
    <p class='ocr_par' dir='ltr' id='par_1_6' title="bbox 108 2274 957 2795">
     <span class='ocr_line' id='line_1_31' title="bbox 202 2274 953 2312; baseline 0 -6"><span class='ocrx_word' id='word_1_162' title='bbox 202 2274 272 2306; x_wconf 84' lang='lat'>198.</span> <span class='ocrx_word' id='word_1_163' title='bbox 298 2295 339 2299; x_wconf 96' lang='lat'><strong>—</strong></span> <span class='ocrx_word' id='word_1_164' title='bbox 363 2275 496 2306; x_wconf 87' lang='lat' dir='ltr'>Eodem</span> <span class='ocrx_word' id='word_1_165' title='bbox 514 2285 615 2312; x_wconf 87' lang='lat' dir='ltr'>anno,</span> <span class='ocrx_word' id='word_1_166' title='bbox 633 2274 690 2306; x_wconf 86' lang='lat' dir='ltr'>die</span> <span class='ocrx_word' id='word_1_167' title='bbox 709 2274 844 2306; x_wconf 88' lang='lat' dir='ltr'>decimo</span> <span class='ocrx_word' id='word_1_168' title='bbox 862 2285 953 2306; x_wconf 87' lang='lat' dir='ltr'>nono</span> 
     </span>
     <span class='ocr_line' id='line_1_32' title="bbox 110 2326 953 2370; baseline 0 -12"><span class='ocrx_word' id='word_1_169' title='bbox 110 2326 238 2359; x_wconf 89' lang='lat' dir='ltr'>mensis</span> <span class='ocrx_word' id='word_1_170' title='bbox 260 2327 388 2368; x_wconf 84' lang='lat' dir='ltr'>aprilis,</span> <span class='ocrx_word' id='word_1_171' title='bbox 413 2327 586 2370; x_wconf 85' lang='lat' dir='ltr'>magnifici</span> <span class='ocrx_word' id='word_1_172' title='bbox 612 2328 742 2359; x_wconf 86' lang='lat' dir='ltr'>domini</span> <span class='ocrx_word' id='word_1_173' title='bbox 769 2327 953 2359; x_wconf 83' lang='lat' dir='ltr'>Iacobinus</span> 
     </span>
     <span class='ocr_line' id='line_1_33' title="bbox 109 2381 955 2413; baseline 0 -1"><span class='ocrx_word' id='word_1_174' title='bbox 109 2387 144 2412; x_wconf 88' lang='lat' dir='ltr'>et</span> <span class='ocrx_word' id='word_1_175' title='bbox 167 2381 372 2412; x_wconf 88' lang='lat' dir='ltr'>Franciscus</span> <span class='ocrx_word' id='word_1_176' title='bbox 396 2381 440 2413; x_wconf 90' lang='lat' dir='ltr'>de</span> <span class='ocrx_word' id='word_1_177' title='bbox 465 2381 630 2413; x_wconf 87' lang='lat' dir='ltr'>Carraria</span> <span class='ocrx_word' id='word_1_178' title='bbox 653 2381 687 2412; x_wconf 87' lang='lat' dir='ltr'>in</span> <span class='ocrx_word' id='word_1_179' title='bbox 712 2382 879 2412; x_wconf 88' lang='lat' dir='ltr'>honorem</span> <span class='ocrx_word' id='word_1_180' title='bbox 897 2392 955 2412; x_wconf 90' lang='lat' dir='ltr'>co-</span> 
     </span>
     <span class='ocr_line' id='line_1_34' title="bbox 108 2433 951 2475; baseline 0 -11"><span class='ocrx_word' id='word_1_181' title='bbox 108 2433 305 2466; x_wconf 85' lang='lat' dir='ltr'>ronacionis</span> <span class='ocrx_word' id='word_1_182' title='bbox 341 2433 470 2465; x_wconf 88' lang='lat' dir='ltr'>domini</span> <span class='ocrx_word' id='word_1_183' title='bbox 501 2434 718 2475; x_wconf 85' lang='lat' dir='ltr'>imperatoris</span> <span class='ocrx_word' id='word_1_184' title='bbox 749 2434 782 2464; x_wconf 92' lang='lat' dir='ltr'>in</span> <span class='ocrx_word' id='word_1_185' title='bbox 815 2434 951 2466; x_wconf 73' lang='lat' dir='ltr'>Roma²</span> 
     </span>
     <span class='ocr_line' id='line_1_35' title="bbox 109 2486 953 2518; baseline 0 0"><span class='ocrx_word' id='word_1_186' title='bbox 109 2486 285 2518; x_wconf 88' lang='lat' dir='ltr'>celebrare</span> <span class='ocrx_word' id='word_1_187' title='bbox 302 2486 419 2518; x_wconf 86' lang='lat' dir='ltr'>Padue</span> <span class='ocrx_word' id='word_1_188' title='bbox 442 2493 632 2518; x_wconf 77' lang='lat' dir='ltr'>statuerunt</span> <span class='ocrx_word' id='word_1_189' title='bbox 648 2487 775 2518; x_wconf 80' lang='lat' dir='ltr'>festum</span> <span class='ocrx_word' id='word_1_190' title='bbox 799 2487 953 2518; x_wconf 81' lang='lat' dir='ltr'>solenne.</span> 
     </span>
     <span class='ocr_line' id='line_1_36' title="bbox 110 2539 954 2581; baseline 0.001 -10"><span class='ocrx_word' id='word_1_191' title='bbox 110 2540 148 2571; x_wconf 91' lang='lat' dir='ltr'>In</span> <span class='ocrx_word' id='word_1_192' title='bbox 166 2540 262 2571; x_wconf 88' lang='lat' dir='ltr'>cuius</span> <span class='ocrx_word' id='word_1_193' title='bbox 285 2539 362 2570; x_wconf 77' lang='lat' dir='ltr'>festi</span> <span class='ocrx_word' id='word_1_194' title='bbox 386 2539 504 2571; x_wconf 89' lang='lat' dir='ltr'>leticia</span> <span class='ocrx_word' id='word_1_195' title='bbox 520 2540 667 2581; x_wconf 88' lang='lat' dir='ltr'>pleniori</span> <span class='ocrx_word' id='word_1_196' title='bbox 685 2540 842 2571; x_wconf 86' lang='lat' dir='ltr'>dominus</span> <span class='ocrx_word' id='word_1_197' title='bbox 858 2540 954 2572; x_wconf 86' lang='lat' dir='ltr'>Iaco-</span> 
     </span>
     <span class='ocr_line' id='line_1_37' title="bbox 110 2592 953 2635; baseline 0 -11"><span class='ocrx_word' id='word_1_198' title='bbox 110 2592 212 2624; x_wconf 90' lang='lat' dir='ltr'>binus</span> <span class='ocrx_word' id='word_1_199' title='bbox 234 2593 269 2623; x_wconf 90' lang='lat' dir='ltr'>in</span> <span class='ocrx_word' id='word_1_200' title='bbox 293 2592 442 2624; x_wconf 88' lang='lat' dir='ltr'>ecclesia</span> <span class='ocrx_word' id='word_1_201' title='bbox 466 2592 634 2624; x_wconf 86' lang='lat' dir='ltr'>catedrali</span> <span class='ocrx_word' id='word_1_202' title='bbox 659 2593 784 2624; x_wconf 90' lang='lat' dir='ltr'>milicie</span> <span class='ocrx_word' id='word_1_203' title='bbox 814 2593 953 2635; x_wconf 79' lang='lat' dir='ltr'>cingulo</span> 
     </span>
     <span class='ocr_line' id='line_1_38' title="bbox 110 2645 957 2687; baseline 0.002 -11"><span class='ocrx_word' id='word_1_204' title='bbox 110 2645 350 2687; x_wconf 84' lang='lat' dir='ltr'>infrascriptos</span> <span class='ocrx_word' id='word_1_205' title='bbox 376 2646 566 2683; x_wconf 87' lang='lat' dir='ltr'>decoravit,</span> <span class='ocrx_word' id='word_1_206' title='bbox 590 2646 700 2678; x_wconf 89' lang='lat' dir='ltr'>silicet</span> <span class='ocrx_word' id='word_1_207' title='bbox 725 2646 885 2678; x_wconf 77' lang='lat' dir='ltr'>Iacobum</span> <span class='ocrx_word' id='word_1_208' title='bbox 904 2657 957 2678; x_wconf 90' lang='lat' dir='ltr'>se-</span> 
     </span>
     <span class='ocr_line' id='line_1_39' title="bbox 110 2698 953 2740; baseline 0.001 -10"><span class='ocrx_word' id='word_1_209' title='bbox 110 2699 240 2730; x_wconf 89' lang='lat' dir='ltr'>niorem</span> <span class='ocrx_word' id='word_1_210' title='bbox 255 2699 299 2730; x_wconf 88' lang='lat' dir='ltr'>de</span> <span class='ocrx_word' id='word_1_211' title='bbox 312 2698 534 2740; x_wconf 72' lang='lat' dir='ltr'>Capstevace,</span> <span class='ocrx_word' id='word_1_212' title='bbox 552 2698 765 2731; x_wconf 90' lang='lat' dir='ltr'>Beachinum</span> <span class='ocrx_word' id='word_1_213' title='bbox 781 2701 824 2731; x_wconf 88' lang='lat' dir='ltr'>de</span> <span class='ocrx_word' id='word_1_214' title='bbox 842 2699 953 2739; x_wconf 84' lang='lat' dir='ltr'>Prata,</span> 
     </span>
     <span class='ocr_line' id='line_1_40' title="bbox 110 2752 955 2795; baseline 0 -12"><span class='ocrx_word' id='word_1_215' title='bbox 110 2753 238 2784; x_wconf 89' lang='lat' dir='ltr'>sororis</span> <span class='ocrx_word' id='word_1_216' title='bbox 259 2752 429 2790; x_wconf 87' lang='lat' dir='ltr'>maritum,</span> <span class='ocrx_word' id='word_1_217' title='bbox 455 2752 677 2784; x_wconf 89' lang='lat' dir='ltr'>Guillelmum</span> <span class='ocrx_word' id='word_1_218' title='bbox 700 2753 744 2784; x_wconf 91' lang='lat' dir='ltr'>de</span> <span class='ocrx_word' id='word_1_219' title='bbox 770 2753 955 2795; x_wconf 78' lang='lat' dir='ltr'>Broncola‚</span> 
     </span>
    </p>
   </div>
   <div class='ocr_carea' id='block_1_7' title="bbox 200 2865 431 2896">
    <p class='ocr_par' dir='ltr' id='par_1_7' title="bbox 200 2865 431 2896">
     <span class='ocr_line' id='line_1_41' title="bbox 200 2865 431 2896; baseline 0 -8"><span class='ocrx_word' id='word_1_220' title='bbox 200 2871 242 2896; x_wconf 84' lang='lat'>²3·</span> <span class='ocrx_word' id='word_1_221' title='bbox 267 2865 376 2888; x_wconf 87' lang='lat' dir='ltr'>curiam</span> <span class='ocrx_word' id='word_1_222' title='bbox 398 2865 431 2888; x_wconf 81' lang='lat' dir='ltr'><em>M</em></span> 
     </span>
    </p>
   </div>
   <div class='ocr_carea' id='block_1_8' title="bbox 205 2983 643 3016">
    <p class='ocr_par' dir='ltr' id='par_1_8' title="bbox 205 2983 643 3016">
     <span class='ocr_line' id='line_1_42' title="bbox 205 2983 643 3016; baseline 0 -6"><span class='ocrx_word' id='word_1_223' title='bbox 205 2983 212 2999; x_wconf 76' lang='lat'>¹</span> <span class='ocrx_word' id='word_1_224' title='bbox 233 2985 369 3016; x_wconf 63' lang='lat' dir='ltr'>CORTUS„</span> <span class='ocrx_word' id='word_1_225' title='bbox 391 2986 532 3016; x_wconf 81' lang='lat' dir='ltr'>Chronica,</span> <span class='ocrx_word' id='word_1_226' title='bbox 552 2985 598 3016; x_wconf 87' lang='lat' dir='ltr'>XI,</span> <span class='ocrx_word' id='word_1_227' title='bbox 618 2991 643 3016; x_wconf 79' lang='grc'>3.</span> 
     </span>
    </p>
   </div>
   <div class='ocr_carea' id='block_1_9' title="bbox 986 1107 991 1866">
    <p class='ocr_par' dir='ltr' id='par_1_9' title="bbox 986 1107 991 1866">
     <span class='ocr_line' id='line_1_43' title="bbox 986 1107 991 1866; baseline 0 0"><span class='ocrx_word' id='word_1_228' title='bbox 986 1107 991 1866; x_wconf 95' lang='lat' dir='ltr'> </span> 
     </span>
    </p>
   </div>
   <div class='ocr_carea' id='block_1_10' title="bbox 983 2011 992 2906">
    <p class='ocr_par' dir='ltr' id='par_1_10' title="bbox 983 2011 992 2906">
     <span class='ocr_line' id='line_1_44' title="bbox 983 2011 992 2906; baseline 0 0"><span class='ocrx_word' id='word_1_229' title='bbox 983 2011 992 2906; x_wconf 95' lang='lat' dir='ltr'> </span> 
     </span>
    </p>
   </div>
   <div class='ocr_carea' id='block_1_11' title="bbox 1026 897 1061 927">
    <p class='ocr_par' dir='ltr' id='par_1_11' title="bbox 1026 897 1061 927">
     <span class='ocr_line' id='line_1_45' title="bbox 1026 897 1061 927; baseline 0 0"><span class='ocrx_word' id='word_1_230' title='bbox 1026 897 1061 927; x_wconf 89' lang='grc'>10</span> 
     </span>
    </p>
   </div>
   <div class='ocr_carea' id='block_1_12' title="bbox 1024 1167 1060 1197">
    <p class='ocr_par' dir='ltr' id='par_1_12' title="bbox 1024 1167 1060 1197">
     <span class='ocr_line' id='line_1_46' title="bbox 1024 1167 1060 1197; baseline 0 0"><span class='ocrx_word' id='word_1_231' title='bbox 1024 1167 1060 1197; x_wconf 88' lang='grc'>15</span> 
     </span>
    </p>
   </div>
   <div class='ocr_carea' id='block_1_13' title="bbox 1020 1698 1058 1730">
    <p class='ocr_par' dir='ltr' id='par_1_13' title="bbox 1020 1698 1058 1730">
     <span class='ocr_line' id='line_1_47' title="bbox 1020 1698 1058 1730; baseline 0.026 -1"><span class='ocrx_word' id='word_1_232' title='bbox 1020 1698 1058 1730; x_wconf 84' lang='lat'>25</span> 
     </span>
    </p>
   </div>
   <div class='ocr_carea' id='block_1_14' title="bbox 1017 1966 1058 1996">
    <p class='ocr_par' dir='ltr' id='par_1_14' title="bbox 1017 1966 1058 1996">
     <span class='ocr_line' id='line_1_48' title="bbox 1017 1966 1058 1996; baseline 0.024 -1"><span class='ocrx_word' id='word_1_233' title='bbox 1017 1966 1058 1996; x_wconf 87' lang='grc'>30</span> 
     </span>
    </p>
   </div>
   <div class='ocr_carea' id='block_1_15' title="bbox 1017 2284 1055 2315">
    <p class='ocr_par' dir='ltr' id='par_1_15' title="bbox 1017 2284 1055 2315">
     <span class='ocr_line' id='line_1_49' title="bbox 1017 2284 1055 2315; baseline -0.026 0"><span class='ocrx_word' id='word_1_234' title='bbox 1017 2284 1055 2315; x_wconf 88' lang='grc'>35</span> 
     </span>
    </p>
   </div>
   <div class='ocr_carea' id='block_1_16' title="bbox 1017 2549 1057 2578">
    <p class='ocr_par' dir='ltr' id='par_1_16' title="bbox 1017 2549 1057 2578">
     <span class='ocr_line' id='line_1_50' title="bbox 1017 2549 1057 2578; baseline 0 0"><span class='ocrx_word' id='word_1_235' title='bbox 1017 2549 1057 2578; x_wconf 81' lang='grc'>40</span> 
     </span>
    </p>
   </div>
   <div class='ocr_carea' id='block_1_17' title="bbox 1079 417 1086 2900">
    <p class='ocr_par' dir='ltr' id='par_1_17' title="bbox 1079 417 1086 2900">
     <span class='ocr_line' id='line_1_51' title="bbox 1079 417 1086 2900; baseline 0 0"><span class='ocrx_word' id='word_1_236' title='bbox 1079 417 1086 2900; x_wconf 95' lang='lat' dir='ltr'> </span> 
     </span>
    </p>
   </div>
   <div class='ocr_carea' id='block_1_18' title="bbox 1435 356 1636 388">
    <p class='ocr_par' dir='ltr' id='par_1_18' title="bbox 1435 356 1636 388">
     <span class='ocr_line' id='line_1_52' title="bbox 1435 356 1636 388; baseline 0 0"><span class='ocrx_word' id='word_1_237' title='bbox 1435 356 1574 388; x_wconf 78' lang='lat' dir='ltr'>REDAz.</span> <span class='ocrx_word' id='word_1_238' title='bbox 1600 356 1636 388; x_wconf 84' lang='lat' dir='ltr'><em>D</em></span> 
     </span>
    </p>
   </div>
   <div class='ocr_carea' id='block_1_19' title="bbox 1114 427 1957 726">
    <p class='ocr_par' dir='ltr' id='par_1_19' title="bbox 1114 427 1957 726">
     <span class='ocr_line' id='line_1_53' title="bbox 1117 427 1956 470; baseline 0.002 -12"><span class='ocrx_word' id='word_1_239' title='bbox 1117 427 1161 458; x_wconf 90' lang='lat' dir='ltr'>da</span> <span class='ocrx_word' id='word_1_240' title='bbox 1183 427 1331 470; x_wconf 85' lang='lat' dir='ltr'>Peraga,</span> <span class='ocrx_word' id='word_1_241' title='bbox 1356 427 1470 460; x_wconf 91' lang='lat' dir='ltr'>Guido</span> <span class='ocrx_word' id='word_1_242' title='bbox 1501 427 1546 458; x_wconf 92' lang='lat' dir='ltr'>da</span> <span class='ocrx_word' id='word_1_243' title='bbox 1579 428 1800 467; x_wconf 73' lang='lat' dir='ltr'>Czistelnov0,</span> <span class='ocrx_word' id='word_1_244' title='bbox 1828 428 1956 470; x_wconf 78' lang='lat' dir='ltr'>Ugolin</span> 
     </span>
     <span class='ocr_line' id='line_1_54' title="bbox 1117 480 1957 523; baseline 0.002 -11"><span class='ocrx_word' id='word_1_245' title='bbox 1117 480 1324 523; x_wconf 66' lang='lat' dir='ltr'>Scrmigno,</span> <span class='ocrx_word' id='word_1_246' title='bbox 1359 481 1508 513; x_wconf 88' lang='lat' dir='ltr'>Girardo</span> <span class='ocrx_word' id='word_1_247' title='bbox 1544 481 1579 512; x_wconf 88' lang='lat' dir='ltr'>di</span> <span class='ocrx_word' id='word_1_248' title='bbox 1616 482 1715 523; x_wconf 81' lang='lat' dir='ltr'>Nigri</span> <span class='ocrx_word' id='word_1_249' title='bbox 1751 487 1785 513; x_wconf 86' lang='lat' dir='ltr'>et</span> <span class='ocrx_word' id='word_1_250' title='bbox 1812 483 1957 514; x_wconf 88' lang='lat' dir='ltr'>Zanbon</span> 
     </span>
     <span class='ocr_line' id='line_1_55' title="bbox 1118 533 1957 578; baseline 0.002 -14"><span class='ocrx_word' id='word_1_251' title='bbox 1118 533 1241 566; x_wconf 86' lang='lat' dir='ltr'>Docto.</span> <span class='ocrx_word' id='word_1_252' title='bbox 1287 534 1330 566; x_wconf 85' lang='lat' dir='ltr'>Et</span> <span class='ocrx_word' id='word_1_253' title='bbox 1348 535 1392 566; x_wconf 90' lang='lat' dir='ltr'>da</span> <span class='ocrx_word' id='word_1_254' title='bbox 1408 534 1465 575; x_wconf 82' lang='lat' dir='ltr'>po&#39;</span> <span class='ocrx_word' id='word_1_255' title='bbox 1482 544 1558 565; x_wconf 92' lang='lat' dir='ltr'>cum</span> <span class='ocrx_word' id='word_1_256' title='bbox 1576 535 1706 575; x_wconf 77' lang='lat' dir='ltr'>grande</span> <span class='ocrx_word' id='word_1_257' title='bbox 1732 535 1906 578; x_wconf 76' lang='lat' dir='ltr'>allegreca</span> <span class='ocrx_word' id='word_1_258' title='bbox 1923 541 1957 566; x_wconf 90' lang='lat' dir='ltr'>et</span> 
     </span>
     <span class='ocr_line' id='line_1_56' title="bbox 1116 586 1956 628; baseline 0.004 -12"><span class='ocrx_word' id='word_1_259' title='bbox 1116 586 1258 625; x_wconf 87' lang='lat' dir='ltr'>honore,</span> <span class='ocrx_word' id='word_1_260' title='bbox 1281 586 1367 618; x_wconf 83' lang='lat' dir='ltr'>tolta</span> <span class='ocrx_word' id='word_1_261' title='bbox 1395 586 1542 618; x_wconf 87' lang='lat' dir='ltr'>licencia</span> <span class='ocrx_word' id='word_1_262' title='bbox 1571 587 1616 617; x_wconf 92' lang='lat' dir='ltr'>da</span> <span class='ocrx_word' id='word_1_263' title='bbox 1647 586 1899 628; x_wconf 86' lang='lat' dir='ltr'>l’imperadore,</span> <span class='ocrx_word' id='word_1_264' title='bbox 1924 588 1956 619; x_wconf 87' lang='lat' dir='ltr'>el</span> 
     </span>
     <span class='ocr_line' id='line_1_57' title="bbox 1114 640 1957 682; baseline 0.002 -12"><span class='ocrx_word' id='word_1_265' title='bbox 1114 640 1307 682; x_wconf 70' lang='lat' dir='ltr'>magnifico</span> <span class='ocrx_word' id='word_1_266' title='bbox 1322 641 1445 672; x_wconf 88' lang='lat' dir='ltr'>mesier</span> <span class='ocrx_word' id='word_1_267' title='bbox 1462 642 1658 672; x_wconf 81' lang='lat' dir='ltr'>Franeesco</span> <span class='ocrx_word' id='word_1_268' title='bbox 1675 640 1718 671; x_wconf 83' lang='lat' dir='ltr'>da</span> <span class='ocrx_word' id='word_1_269' title='bbox 1731 640 1877 672; x_wconf 69' lang='lat' dir='ltr'>Cari-ara</span> <span class='ocrx_word' id='word_1_270' title='bbox 1890 651 1957 673; x_wconf 93' lang='lat' dir='ltr'>con</span> 
     </span>
     <span class='ocr_line' id='line_1_58' title="bbox 1114 693 1956 726; baseline 0.004 -3"><span class='ocrx_word' id='word_1_271' title='bbox 1114 693 1124 723; x_wconf 92' lang='lat' dir='ltr'>i</span> <span class='ocrx_word' id='word_1_272' title='bbox 1148 693 1199 725; x_wconf 89' lang='lat' dir='ltr'>soi</span> <span class='ocrx_word' id='word_1_273' title='bbox 1223 704 1259 725; x_wconf 88' lang='lat' dir='ltr'>se</span> <span class='ocrx_word' id='word_1_274' title='bbox 1284 694 1396 726; x_wconf 78' lang='lat' dir='ltr'>mecte</span> <span class='ocrx_word' id='word_1_275' title='bbox 1420 694 1488 725; x_wconf 91' lang='lat' dir='ltr'>alla</span> <span class='ocrx_word' id='word_1_276' title='bbox 1514 693 1568 725; x_wconf 85' lang='lat' dir='ltr'>via</span> <span class='ocrx_word' id='word_1_277' title='bbox 1592 694 1714 725; x_wconf 89' lang='lat' dir='ltr'>drecta</span> <span class='ocrx_word' id='word_1_278' title='bbox 1730 704 1831 725; x_wconf 89' lang='lat' dir='ltr'>verso</span> <span class='ocrx_word' id='word_1_279' title='bbox 1850 694 1956 726; x_wconf 88' lang='lat' dir='ltr'>Pava.</span> 
     </span>
    </p>
   </div>
   <div class='ocr_carea' id='block_1_20' title="bbox 1112 791 1957 2221">
    <p class='ocr_par' dir='ltr' id='par_1_20' title="bbox 1112 791 1957 2221">
     <span class='ocr_line' id='line_1_59' title="bbox 1208 791 1956 833; baseline 0.004 -11"><span class='ocrx_word' id='word_1_280' title='bbox 1208 792 1278 825; x_wconf 84' lang='lat'>197.</span> <span class='ocrx_word' id='word_1_281' title='bbox 1291 810 1336 814; x_wconf 97' lang='lat'><strong>—</strong></span> <span class='ocrx_word' id='word_1_282' title='bbox 1347 792 1398 823; x_wconf 86' lang='lat' dir='ltr'>La</span> <span class='ocrx_word' id='word_1_283' title='bbox 1407 791 1625 823; x_wconf 81' lang='lat' dir='ltr'>serenissima</span> <span class='ocrx_word' id='word_1_284' title='bbox 1639 791 1849 833; x_wconf 83' lang='lat' dir='ltr'>imperarise‚</span> <span class='ocrx_word' id='word_1_285' title='bbox 1863 793 1956 833; x_wconf 92' lang='lat' dir='ltr'>dopo</span> 
     </span>
     <span class='ocr_line' id='line_1_60' title="bbox 1117 845 1956 887; baseline 0.001 -11"><span class='ocrx_word' id='word_1_286' title='bbox 1117 846 1149 876; x_wconf 86' lang='lat' dir='ltr'>la</span> <span class='ocrx_word' id='word_1_287' title='bbox 1172 846 1325 887; x_wconf 76' lang='lat' dir='ltr'>vignuda</span> <span class='ocrx_word' id='word_1_288' title='bbox 1349 846 1393 877; x_wconf 92' lang='lat' dir='ltr'>de</span> <span class='ocrx_word' id='word_1_289' title='bbox 1417 845 1660 887; x_wconf 78' lang='lat' dir='ltr'>l&#39;imperadore</span> <span class='ocrx_word' id='word_1_290' title='bbox 1686 845 1752 875; x_wconf 85' lang='lat' dir='ltr'>alle</span> <span class='ocrx_word' id='word_1_291' title='bbox 1784 852 1881 886; x_wconf 88' lang='lat' dir='ltr'>parte</span> <span class='ocrx_word' id='word_1_292' title='bbox 1914 848 1956 877; x_wconf 87' lang='lat' dir='ltr'>de</span> 
     </span>
     <span class='ocr_line' id='line_1_61' title="bbox 1118 898 1956 941; baseline 0.002 -12"><span class='ocrx_word' id='word_1_293' title='bbox 1118 899 1225 935; x_wconf 82' lang='lat' dir='ltr'>Italia,</span> <span class='ocrx_word' id='word_1_294' title='bbox 1257 898 1522 941; x_wconf 79' lang='lat' dir='ltr'>acompagnada</span> <span class='ocrx_word' id='word_1_295' title='bbox 1546 900 1590 930; x_wconf 89' lang='lat' dir='ltr'>de</span> <span class='ocrx_word' id='word_1_296' title='bbox 1614 909 1710 941; x_wconf 82' lang='lat' dir='ltr'>gram</span> <span class='ocrx_word' id='word_1_297' title='bbox 1734 899 1956 931; x_wconf 86' lang='lat' dir='ltr'>moltitudine</span> 
     </span>
     <span class='ocr_line' id='line_1_62' title="bbox 1117 951 1956 994; baseline 0.001 -12"><span class='ocrx_word' id='word_1_298' title='bbox 1117 951 1159 983; x_wconf 88' lang='lat' dir='ltr'>de</span> <span class='ocrx_word' id='word_1_299' title='bbox 1184 951 1303 983; x_wconf 87' lang='lat' dir='ltr'>baroni</span> <span class='ocrx_word' id='word_1_300' title='bbox 1328 958 1362 982; x_wconf 89' lang='lat' dir='ltr'>et</span> <span class='ocrx_word' id='word_1_301' title='bbox 1385 953 1428 983; x_wconf 91' lang='lat' dir='ltr'>de</span> <span class='ocrx_word' id='word_1_302' title='bbox 1453 952 1626 994; x_wconf 83' lang='lat' dir='ltr'>magnifici</span> <span class='ocrx_word' id='word_1_303' title='bbox 1649 951 1791 993; x_wconf 82' lang='lat' dir='ltr'>signori,</span> <span class='ocrx_word' id='word_1_304' title='bbox 1811 964 1830 983; x_wconf 87' lang='lat' dir='ltr'>a</span> <span class='ocrx_word' id='word_1_305' title='bbox 1855 952 1956 984; x_wconf 83' lang='lat' dir='ltr'>vinti-</span> 
     </span>
     <span class='ocr_line' id='line_1_63' title="bbox 1116 1005 1957 1047; baseline 0.001 -11"><span class='ocrx_word' id='word_1_306' title='bbox 1116 1016 1184 1037; x_wconf 93' lang='lat' dir='ltr'>uno</span> <span class='ocrx_word' id='word_1_307' title='bbox 1201 1006 1243 1037; x_wconf 90' lang='lat' dir='ltr'>de</span> <span class='ocrx_word' id='word_1_308' title='bbox 1261 1015 1413 1047; x_wconf 79' lang='lat' dir='ltr'>cennaro</span> <span class='ocrx_word' id='word_1_309' title='bbox 1438 1005 1528 1037; x_wconf 79' lang='lat' dir='ltr'>intro</span> <span class='ocrx_word' id='word_1_310' title='bbox 1552 1006 1673 1037; x_wconf 81' lang='lat' dir='ltr'>dentro</span> <span class='ocrx_word' id='word_1_311' title='bbox 1691 1006 1734 1036; x_wconf 91' lang='lat' dir='ltr'>da</span> <span class='ocrx_word' id='word_1_312' title='bbox 1755 1005 1860 1044; x_wconf 85' lang='lat' dir='ltr'>Pava,</span> <span class='ocrx_word' id='word_1_313' title='bbox 1889 1007 1957 1037; x_wconf 77' lang='lat' dir='ltr'>alla</span> 
     </span>
     <span class='ocr_line' id='line_1_64' title="bbox 1116 1057 1957 1101; baseline 0.002 -12"><span class='ocrx_word' id='word_1_314' title='bbox 1116 1059 1197 1100; x_wconf 87' lang='lat' dir='ltr'>qual</span> <span class='ocrx_word' id='word_1_315' title='bbox 1221 1059 1311 1090; x_wconf 78' lang='lat' dir='ltr'>ando</span> <span class='ocrx_word' id='word_1_316' title='bbox 1335 1059 1494 1090; x_wconf 90' lang='lat' dir='ltr'>incontra</span> <span class='ocrx_word' id='word_1_317' title='bbox 1517 1059 1527 1089; x_wconf 95' lang='lat' dir='ltr'>i</span> <span class='ocrx_word' id='word_1_318' title='bbox 1551 1057 1725 1101; x_wconf 76' lang='lat' dir='ltr'>magnifici</span> <span class='ocrx_word' id='word_1_319' title='bbox 1753 1058 1881 1101; x_wconf 79' lang='lat' dir='ltr'>signori</span> <span class='ocrx_word' id='word_1_320' title='bbox 1913 1060 1957 1091; x_wconf 87' lang='lat' dir='ltr'>da</span> 
     </span>
     <span class='ocr_line' id='line_1_65' title="bbox 1116 1111 1955 1154; baseline -0.001 -10"><span class='ocrx_word' id='word_1_321' title='bbox 1116 1112 1263 1144; x_wconf 87' lang='lat' dir='ltr'>Carrara</span> <span class='ocrx_word' id='word_1_322' title='bbox 1288 1118 1321 1143; x_wconf 84' lang='lat' dir='ltr'>et</span> <span class='ocrx_word' id='word_1_323' title='bbox 1344 1117 1432 1144; x_wconf 86' lang='lat' dir='ltr'>tutta</span> <span class='ocrx_word' id='word_1_324' title='bbox 1455 1112 1488 1143; x_wconf 84' lang='lat' dir='ltr'>la</span> <span class='ocrx_word' id='word_1_325' title='bbox 1512 1111 1657 1143; x_wconf 87' lang='lat' dir='ltr'>cleresia</span> <span class='ocrx_word' id='word_1_326' title='bbox 1682 1121 1747 1143; x_wconf 90' lang='lat' dir='ltr'>con</span> <span class='ocrx_word' id='word_1_327' title='bbox 1764 1112 1797 1143; x_wconf 86' lang='lat' dir='ltr'>le</span> <span class='ocrx_word' id='word_1_328' title='bbox 1811 1112 1955 1154; x_wconf 87' lang='lat' dir='ltr'>requilie</span> 
     </span>
     <span class='ocr_line' id='line_1_66' title="bbox 1116 1165 1956 1205; baseline 0.001 -9"><span class='ocrx_word' id='word_1_329' title='bbox 1116 1165 1188 1205; x_wconf 74' lang='lat' dir='ltr'>(sic)</span> <span class='ocrx_word' id='word_1_330' title='bbox 1214 1166 1249 1196; x_wconf 87' lang='lat' dir='ltr'>di</span> <span class='ocrx_word' id='word_1_331' title='bbox 1272 1166 1380 1197; x_wconf 86' lang='lat' dir='ltr'>sancti</span> <span class='ocrx_word' id='word_1_332' title='bbox 1405 1172 1439 1196; x_wconf 89' lang='lat' dir='ltr'>et</span> <span class='ocrx_word' id='word_1_333' title='bbox 1463 1171 1549 1196; x_wconf 80' lang='lat' dir='ltr'>tutta</span> <span class='ocrx_word' id='word_1_334' title='bbox 1574 1165 1785 1196; x_wconf 85' lang='lat' dir='ltr'>chavallaria</span> <span class='ocrx_word' id='word_1_335' title='bbox 1805 1167 1848 1197; x_wconf 92' lang='lat' dir='ltr'>de</span> <span class='ocrx_word' id='word_1_336' title='bbox 1864 1166 1956 1197; x_wconf 86' lang='lat' dir='ltr'>Pava</span> 
     </span>
     <span class='ocr_line' id='line_1_67' title="bbox 1115 1219 1956 1261; baseline 0.001 -12"><span class='ocrx_word' id='word_1_337' title='bbox 1115 1228 1182 1249; x_wconf 92' lang='lat' dir='ltr'>con</span> <span class='ocrx_word' id='word_1_338' title='bbox 1194 1219 1325 1260; x_wconf 82' lang='lat' dir='ltr'>grande</span> <span class='ocrx_word' id='word_1_339' title='bbox 1343 1219 1519 1261; x_wconf 79' lang='lat' dir='ltr'>allegreca</span> <span class='ocrx_word' id='word_1_340' title='bbox 1535 1224 1570 1249; x_wconf 86' lang='lat' dir='ltr'>et</span> <span class='ocrx_word' id='word_1_341' title='bbox 1586 1219 1666 1261; x_wconf 82' lang='lat' dir='ltr'>ogni</span> <span class='ocrx_word' id='word_1_342' title='bbox 1683 1219 1894 1260; x_wconf 78' lang='lat' dir='ltr'>generacion</span> <span class='ocrx_word' id='word_1_343' title='bbox 1911 1220 1956 1250; x_wconf 89' lang='lat' dir='ltr'>de</span> 
     </span>
     <span class='ocr_line' id='line_1_68' title="bbox 1115 1271 1956 1313; baseline 0.001 -10"><span class='ocrx_word' id='word_1_344' title='bbox 1115 1273 1342 1304; x_wconf 84' lang='lat' dir='ltr'>instrumenti.</span> <span class='ocrx_word' id='word_1_345' title='bbox 1384 1272 1435 1303; x_wconf 88' lang='lat' dir='ltr'>La</span> <span class='ocrx_word' id='word_1_346' title='bbox 1459 1272 1554 1303; x_wconf 86' lang='lat' dir='ltr'>dicta</span> <span class='ocrx_word' id='word_1_347' title='bbox 1576 1271 1792 1313; x_wconf 86' lang='lat' dir='ltr'>imperarise,</span> <span class='ocrx_word' id='word_1_348' title='bbox 1822 1273 1956 1304; x_wconf 81' lang='lat' dir='ltr'>vestida</span> 
     </span>
     <span class='ocr_line' id='line_1_69' title="bbox 1115 1325 1956 1367; baseline 0.002 -12"><span class='ocrx_word' id='word_1_349' title='bbox 1115 1326 1250 1357; x_wconf 86' lang='lat' dir='ltr'>amodo</span> <span class='ocrx_word' id='word_1_350' title='bbox 1267 1327 1358 1357; x_wconf 83' lang='lat' dir='ltr'>reale</span> <span class='ocrx_word' id='word_1_351' title='bbox 1376 1331 1409 1356; x_wconf 91' lang='lat' dir='ltr'>et</span> <span class='ocrx_word' id='word_1_352' title='bbox 1427 1326 1668 1367; x_wconf 77' lang='lat' dir='ltr'>compagnada</span> <span class='ocrx_word' id='word_1_353' title='bbox 1684 1325 1728 1356; x_wconf 86' lang='lat' dir='ltr'>da</span> <span class='ocrx_word' id='word_1_354' title='bbox 1750 1326 1956 1367; x_wconf 79' lang='lat' dir='ltr'>magnifiche</span> 
     </span>
     <span class='ocr_line' id='line_1_70' title="bbox 1116 1379 1956 1420; baseline 0.001 -10"><span class='ocrx_word' id='word_1_355' title='bbox 1116 1379 1230 1410; x_wconf 90' lang='lat' dir='ltr'>donne</span> <span class='ocrx_word' id='word_1_356' title='bbox 1247 1379 1280 1410; x_wconf 91' lang='lat' dir='ltr'>in</span> <span class='ocrx_word' id='word_1_357' title='bbox 1297 1379 1415 1410; x_wconf 89' lang='lat' dir='ltr'>habito</span> <span class='ocrx_word' id='word_1_358' title='bbox 1434 1379 1588 1416; x_wconf 87' lang='lat' dir='ltr'>honesto,</span> <span class='ocrx_word' id='word_1_359' title='bbox 1605 1390 1669 1420; x_wconf 86' lang='lat' dir='ltr'>per</span> <span class='ocrx_word' id='word_1_360' title='bbox 1685 1379 1717 1409; x_wconf 87' lang='lat' dir='ltr'>la</span> <span class='ocrx_word' id='word_1_361' title='bbox 1733 1385 1832 1420; x_wconf 85' lang='lat' dir='ltr'>porta</span> <span class='ocrx_word' id='word_1_362' title='bbox 1849 1379 1892 1410; x_wconf 89' lang='lat' dir='ltr'>de</span> <span class='ocrx_word' id='word_1_363' title='bbox 1910 1380 1956 1411; x_wconf 95' lang='lat' dir='ltr'>O-</span> 
     </span>
     <span class='ocr_line' id='line_1_71' title="bbox 1115 1431 1954 1474; baseline 0.001 -12"><span class='ocrx_word' id='word_1_364' title='bbox 1115 1432 1285 1474; x_wconf 72' lang='lat' dir='ltr'>gnisancti</span> <span class='ocrx_word' id='word_1_365' title='bbox 1308 1432 1398 1463; x_wconf 82' lang='lat' dir='ltr'>intro</span> <span class='ocrx_word' id='word_1_366' title='bbox 1424 1431 1546 1463; x_wconf 85' lang='lat' dir='ltr'>dentro</span> <span class='ocrx_word' id='word_1_367' title='bbox 1571 1432 1616 1463; x_wconf 91' lang='lat' dir='ltr'>da</span> <span class='ocrx_word' id='word_1_368' title='bbox 1638 1432 1733 1462; x_wconf 79' lang='lat' dir='ltr'>Pava</span> <span class='ocrx_word' id='word_1_369' title='bbox 1749 1438 1792 1470; x_wconf 87' lang='lat' dir='ltr'>et,</span> <span class='ocrx_word' id='word_1_370' title='bbox 1810 1442 1954 1474; x_wconf 67' lang='lat' dir='ltr'>seguan&lt;</span> 
     </span>
     <span class='ocr_line' id='line_1_72' title="bbox 1115 1485 1956 1527; baseline 0 -10"><span class='ocrx_word' id='word_1_371' title='bbox 1115 1487 1158 1518; x_wconf 91' lang='lat' dir='ltr'>do</span> <span class='ocrx_word' id='word_1_372' title='bbox 1177 1487 1209 1516; x_wconf 90' lang='lat' dir='ltr'>el</span> <span class='ocrx_word' id='word_1_373' title='bbox 1233 1492 1388 1517; x_wconf 88' lang='lat' dir='ltr'>costnme</span> <span class='ocrx_word' id='word_1_374' title='bbox 1407 1486 1449 1517; x_wconf 90' lang='lat' dir='ltr'>de</span> <span class='ocrx_word' id='word_1_375' title='bbox 1466 1485 1723 1527; x_wconf 83' lang='lat' dir='ltr'>l’imperadore‚</span> <span class='ocrx_word' id='word_1_376' title='bbox 1740 1496 1823 1527; x_wconf 90' lang='lat' dir='ltr'>pose</span> <span class='ocrx_word' id='word_1_377' title='bbox 1848 1486 1880 1517; x_wconf 82' lang='lat' dir='ltr'>la</span> <span class='ocrx_word' id='word_1_378' title='bbox 1896 1496 1956 1517; x_wconf 90' lang='lat' dir='ltr'>soa</span> 
     </span>
     <span class='ocr_line' id='line_1_73' title="bbox 1114 1538 1956 1582; baseline 0.001 -13"><span class='ocrx_word' id='word_1_379' title='bbox 1114 1540 1211 1570; x_wconf 84' lang='lat' dir='ltr'>sedia</span> <span class='ocrx_word' id='word_1_380' title='bbox 1234 1539 1269 1570; x_wconf 92' lang='lat' dir='ltr'>in</span> <span class='ocrx_word' id='word_1_381' title='bbox 1293 1539 1323 1569; x_wconf 91' lang='lat' dir='ltr'>ie</span> <span class='ocrx_word' id='word_1_382' title='bbox 1348 1538 1463 1580; x_wconf 86' lang='lat' dir='ltr'>palaci</span> <span class='ocrx_word' id='word_1_383' title='bbox 1488 1539 1523 1569; x_wconf 86' lang='lat' dir='ltr'>di</span> <span class='ocrx_word' id='word_1_384' title='bbox 1549 1538 1723 1580; x_wconf 80' lang='lat' dir='ltr'>magnifici</span> <span class='ocrx_word' id='word_1_385' title='bbox 1750 1539 1880 1582; x_wconf 86' lang='lat' dir='ltr'>signori</span> <span class='ocrx_word' id='word_1_386' title='bbox 1911 1539 1956 1570; x_wconf 89' lang='lat' dir='ltr'>da</span> 
     </span>
     <span class='ocr_line' id='line_1_74' title="bbox 1115 1592 1956 1633; baseline 0 -10"><span class='ocrx_word' id='word_1_387' title='bbox 1115 1593 1271 1629; x_wconf 77' lang='lat' dir='ltr'>carrara,</span> <span class='ocrx_word' id='word_1_388' title='bbox 1295 1603 1359 1623; x_wconf 92' lang='lat' dir='ltr'>ove</span> <span class='ocrx_word' id='word_1_389' title='bbox 1385 1603 1402 1623; x_wconf 85' lang='lat' dir='ltr'>a</span> <span class='ocrx_word' id='word_1_390' title='bbox 1427 1602 1484 1623; x_wconf 86' lang='lat' dir='ltr'>soe</span> <span class='ocrx_word' id='word_1_391' title='bbox 1509 1602 1607 1633; x_wconf 81' lang='lat' dir='ltr'>spese</span> <span class='ocrx_word' id='word_1_392' title='bbox 1626 1592 1661 1622; x_wconf 64' lang='grc' dir='ltr'>ἕο</span> <span class='ocrx_word' id='word_1_393' title='bbox 1678 1592 1956 1624; x_wconf 84' lang='lat' dir='ltr'>continuamente</span> 
     </span>
     <span class='ocr_line' id='line_1_75' title="bbox 1116 1644 1955 1688; baseline -0.001 -11"><span class='ocrx_word' id='word_1_394' title='bbox 1116 1651 1210 1677; x_wconf 75' lang='lat' dir='ltr'>corte</span> <span class='ocrx_word' id='word_1_395' title='bbox 1235 1645 1398 1688; x_wconf 74' lang='lat' dir='ltr'>generale</span> <span class='ocrx_word' id='word_1_396' title='bbox 1424 1644 1466 1676; x_wconf 88' lang='lat' dir='ltr'>de</span> <span class='ocrx_word' id='word_1_397' title='bbox 1492 1651 1576 1676; x_wconf 82' lang='lat' dir='ltr'>tutte</span> <span class='ocrx_word' id='word_1_398' title='bbox 1603 1645 1633 1676; x_wconf 87' lang='lat' dir='ltr'>le</span> <span class='ocrx_word' id='word_1_399' title='bbox 1658 1645 1773 1676; x_wconf 88' lang='lat' dir='ltr'>donne</span> <span class='ocrx_word' id='word_1_400' title='bbox 1791 1646 1834 1676; x_wconf 87' lang='lat' dir='ltr'>da</span> <span class='ocrx_word' id='word_1_401' title='bbox 1851 1645 1955 1677; x_wconf 84' lang='lat' dir='ltr'>Pava.</span> 
     </span>
     <span class='ocr_line' id='line_1_76' title="bbox 1115 1697 1956 1740; baseline -0.001 -10"><span class='ocrx_word' id='word_1_402' title='bbox 1115 1699 1160 1730; x_wconf 87' lang='lat' dir='ltr'>Et</span> <span class='ocrx_word' id='word_1_403' title='bbox 1177 1699 1243 1740; x_wconf 90' lang='lat' dir='ltr'>po&#39;,</span> <span class='ocrx_word' id='word_1_404' title='bbox 1268 1709 1287 1729; x_wconf 86' lang='lat' dir='ltr'>a</span> <span class='ocrx_word' id='word_1_405' title='bbox 1305 1698 1338 1729; x_wconf 79' lang='lat' dir='ltr'>di</span> <span class='ocrx_word' id='word_1_406' title='bbox 1355 1698 1573 1740; x_wconf 81' lang='lat' dir='ltr'>vinticinque</span> <span class='ocrx_word' id='word_1_407' title='bbox 1599 1697 1655 1729; x_wconf 94' lang='lat' dir='ltr'>del</span> <span class='ocrx_word' id='word_1_408' title='bbox 1679 1698 1775 1730; x_wconf 88' lang='lat' dir='ltr'>dicto</span> <span class='ocrx_word' id='word_1_409' title='bbox 1798 1709 1901 1739; x_wconf 86' lang='lat' dir='ltr'>mese,</span> <span class='ocrx_word' id='word_1_410' title='bbox 1921 1699 1956 1730; x_wconf 92' lang='lat' dir='ltr'>la</span> 
     </span>
     <span class='ocr_line' id='line_1_77' title="bbox 1115 1751 1954 1792; baseline -0.001 -9"><span class='ocrx_word' id='word_1_411' title='bbox 1115 1753 1208 1784; x_wconf 88' lang='lat' dir='ltr'>dicta</span> <span class='ocrx_word' id='word_1_412' title='bbox 1221 1751 1423 1792; x_wconf 82' lang='lat' dir='ltr'>imperarise</span> <span class='ocrx_word' id='word_1_413' title='bbox 1440 1761 1540 1792; x_wconf 89' lang='lat' dir='ltr'>prese</span> <span class='ocrx_word' id='word_1_414' title='bbox 1557 1751 1591 1781; x_wconf 91' lang='lat' dir='ltr'>la</span> <span class='ocrx_word' id='word_1_415' title='bbox 1607 1761 1666 1782; x_wconf 90' lang='lat' dir='ltr'>soa</span> <span class='ocrx_word' id='word_1_416' title='bbox 1680 1752 1736 1782; x_wconf 86' lang='lat' dir='ltr'>via</span> <span class='ocrx_word' id='word_1_417' title='bbox 1752 1761 1851 1782; x_wconf 80' lang='lat' dir='ltr'>verso</span> <span class='ocrx_word' id='word_1_418' title='bbox 1864 1751 1954 1789; x_wconf 86' lang='lat' dir='ltr'>Pisa,</span> 
     </span>
     <span class='ocr_line' id='line_1_78' title="bbox 1115 1804 1956 1846; baseline 0 -10"><span class='ocrx_word' id='word_1_419' title='bbox 1115 1806 1145 1837; x_wconf 87' lang='lat' dir='ltr'>o’</span> <span class='ocrx_word' id='word_1_420' title='bbox 1170 1805 1264 1846; x_wconf 71' lang='lat' dir='ltr'>:ilora</span> <span class='ocrx_word' id='word_1_421' title='bbox 1287 1815 1346 1836; x_wconf 88' lang='lat' dir='ltr'>era</span> <span class='ocrx_word' id='word_1_422' title='bbox 1369 1805 1625 1846; x_wconf 88' lang='lat' dir='ltr'>l&#39;imperadore,</span> <span class='ocrx_word' id='word_1_423' title='bbox 1649 1804 1682 1836; x_wconf 91' lang='lat' dir='ltr'>la</span> <span class='ocrx_word' id='word_1_424' title='bbox 1710 1805 1790 1845; x_wconf 87' lang='lat' dir='ltr'>qual</span> <span class='ocrx_word' id='word_1_425' title='bbox 1821 1805 1854 1836; x_wconf 89' lang='lat' dir='ltr'>el</span> <span class='ocrx_word' id='word_1_426' title='bbox 1885 1815 1956 1836; x_wconf 84' lang='lat' dir='ltr'>ma-</span> 
     </span>
     <span class='ocr_line' id='line_1_79' title="bbox 1113 1857 1956 1901; baseline -0.001 -12"><span class='ocrx_word' id='word_1_427' title='bbox 1113 1859 1240 1901; x_wconf 75' lang='lat' dir='ltr'>gnifico</span> <span class='ocrx_word' id='word_1_428' title='bbox 1264 1858 1402 1900; x_wconf 86' lang='lat' dir='ltr'>signore</span> <span class='ocrx_word' id='word_1_429' title='bbox 1424 1857 1550 1888; x_wconf 87' lang='lat' dir='ltr'>mesier</span> <span class='ocrx_word' id='word_1_430' title='bbox 1574 1858 1770 1889; x_wconf 84' lang='lat' dir='ltr'>Francesco</span> <span class='ocrx_word' id='word_1_431' title='bbox 1795 1858 1840 1889; x_wconf 89' lang='lat' dir='ltr'>da</span> <span class='ocrx_word' id='word_1_432' title='bbox 1871 1858 1956 1890; x_wconf 86' lang='lat' dir='ltr'>Car-</span> 
     </span>
     <span class='ocr_line' id='line_1_80' title="bbox 1113 1911 1955 1951; baseline -0.001 -8"><span class='ocrx_word' id='word_1_433' title='bbox 1113 1923 1191 1943; x_wconf 86' lang='lat' dir='ltr'>rara</span> <span class='ocrx_word' id='word_1_434' title='bbox 1214 1911 1520 1943; x_wconf 82' lang='lat' dir='ltr'>honorevolmente</span> <span class='ocrx_word' id='word_1_435' title='bbox 1544 1911 1759 1951; x_wconf 75' lang='lat' dir='ltr'>acompagno</span> <span class='ocrx_word' id='word_1_436' title='bbox 1782 1921 1845 1951; x_wconf 89' lang='lat' dir='ltr'>per</span> <span class='ocrx_word' id='word_1_437' title='bbox 1868 1917 1955 1942; x_wconf 87' lang='lat' dir='ltr'>tutto</span> 
     </span>
     <span class='ocr_line' id='line_1_81' title="bbox 1115 1964 1956 2006; baseline -0.001 -9"><span class='ocrx_word' id='word_1_438' title='bbox 1115 1967 1145 1997; x_wconf 91' lang='lat' dir='ltr'>el</span> <span class='ocrx_word' id='word_1_439' title='bbox 1170 1976 1208 1996; x_wconf 90' lang='lat' dir='ltr'>so</span> <span class='ocrx_word' id='word_1_440' title='bbox 1233 1971 1360 2002; x_wconf 87' lang='lat' dir='ltr'>terren,</span> <span class='ocrx_word' id='word_1_441' title='bbox 1375 1964 1590 2006; x_wconf 76' lang='lat' dir='ltr'>seguandola</span> <span class='ocrx_word' id='word_1_442' title='bbox 1613 1969 1701 1995; x_wconf 88' lang='lat' dir='ltr'>tutto</span> <span class='ocrx_word' id='word_1_443' title='bbox 1719 1964 1750 1995; x_wconf 90' lang='lat' dir='ltr'>el</span> <span class='ocrx_word' id='word_1_444' title='bbox 1768 1964 1815 2001; x_wconf 78' lang='lat' dir='ltr'>di,</span> <span class='ocrx_word' id='word_1_445' title='bbox 1833 1964 1894 2005; x_wconf 77' lang='lat' dir='ltr'>coe</span> <span class='ocrx_word' id='word_1_446' title='bbox 1913 1965 1956 1996; x_wconf 88' lang='lat' dir='ltr'>de</span> 
     </span>
     <span class='ocr_line' id='line_1_82' title="bbox 1114 2016 1956 2058; baseline -0.002 -8"><span class='ocrx_word' id='word_1_447' title='bbox 1114 2019 1148 2050; x_wconf 79' lang='lat' dir='ltr'>di</span> <span class='ocrx_word' id='word_1_448' title='bbox 1164 2020 1199 2049; x_wconf 88' lang='lat' dir='ltr'>in</span> <span class='ocrx_word' id='word_1_449' title='bbox 1228 2018 1274 2055; x_wconf 77' lang='lat' dir='ltr'>di,</span> <span class='ocrx_word' id='word_1_450' title='bbox 1298 2017 1495 2048; x_wconf 85' lang='lat' dir='ltr'>Allemanni</span> <span class='ocrx_word' id='word_1_451' title='bbox 1513 2016 1660 2053; x_wconf 85' lang='lat' dir='ltr'>nobili,i</span> <span class='ocrx_word' id='word_1_452' title='bbox 1687 2017 1777 2058; x_wconf 81' lang='lat' dir='ltr'>quali</span> <span class='ocrx_word' id='word_1_453' title='bbox 1802 2017 1881 2048; x_wconf 76' lang='lat' dir='ltr'>tutti</span> <span class='ocrx_word' id='word_1_454' title='bbox 1904 2017 1956 2049; x_wconf 85' lang='lat' dir='ltr'>vi-</span> 
     </span>
     <span class='ocr_line' id='line_1_83' title="bbox 1112 2070 1955 2115; baseline -0.001 -12"><span class='ocrx_word' id='word_1_455' title='bbox 1112 2072 1192 2115; x_wconf 74' lang='lat' dir='ltr'>gnia</span> <span class='ocrx_word' id='word_1_456' title='bbox 1216 2071 1381 2103; x_wconf 87' lang='lat' dir='ltr'>recevudi</span> <span class='ocrx_word' id='word_1_457' title='bbox 1407 2070 1464 2101; x_wconf 89' lang='lat' dir='ltr'>dai</span> <span class='ocrx_word' id='word_1_458' title='bbox 1488 2070 1660 2112; x_wconf 79' lang='lat' dir='ltr'>magnifici</span> <span class='ocrx_word' id='word_1_459' title='bbox 1683 2070 1814 2112; x_wconf 87' lang='lat' dir='ltr'>signori</span> <span class='ocrx_word' id='word_1_460' title='bbox 1833 2071 1955 2102; x_wconf 83' lang='lat' dir='ltr'>mesier</span> 
     </span>
     <span class='ocr_line' id='line_1_84' title="bbox 1112 2123 1955 2156; baseline -0.001 0"><span class='ocrx_word' id='word_1_461' title='bbox 1112 2125 1286 2156; x_wconf 88' lang='lat' dir='ltr'>Ieromino</span> <span class='ocrx_word' id='word_1_462' title='bbox 1323 2129 1357 2155; x_wconf 88' lang='lat' dir='ltr'>et</span> <span class='ocrx_word' id='word_1_463' title='bbox 1391 2124 1585 2155; x_wconf 85' lang='lat' dir='ltr'>Francesco</span> <span class='ocrx_word' id='word_1_464' title='bbox 1623 2123 1667 2154; x_wconf 83' lang='lat' dir='ltr'>da</span> <span class='ocrx_word' id='word_1_465' title='bbox 1705 2123 1854 2155; x_wconf 87' lang='lat' dir='ltr'>Carrara</span> <span class='ocrx_word' id='word_1_466' title='bbox 1890 2134 1955 2156; x_wconf 91' lang='lat' dir='ltr'>con</span> 
     </span>
     <span class='ocr_line' id='line_1_85' title="bbox 1113 2177 1549 2221; baseline -0.002 -12"><span class='ocrx_word' id='word_1_467' title='bbox 1113 2189 1199 2221; x_wconf 83' lang='lat' dir='ltr'>gran</span> <span class='ocrx_word' id='word_1_468' title='bbox 1222 2188 1323 2219; x_wconf 88' lang='lat' dir='ltr'>spesa</span> <span class='ocrx_word' id='word_1_469' title='bbox 1348 2182 1382 2208; x_wconf 88' lang='lat' dir='ltr'>et</span> <span class='ocrx_word' id='word_1_470' title='bbox 1406 2177 1549 2208; x_wconf 90' lang='lat' dir='ltr'>honore.</span> 
     </span>
    </p>
   </div>
   <div class='ocr_carea' id='block_1_21' title="bbox 1111 2274 1954 2791">
    <p class='ocr_par' dir='ltr' id='par_1_21' title="bbox 1111 2274 1954 2791">
     <span class='ocr_line' id='line_1_86' title="bbox 1206 2274 1954 2315; baseline 0.001 -9"><span class='ocrx_word' id='word_1_471' title='bbox 1206 2275 1275 2307; x_wconf 77' lang='lat'>198.</span> <span class='ocrx_word' id='word_1_472' title='bbox 1305 2292 1341 2296; x_wconf 85' lang='lat'>-—-</span> <span class='ocrx_word' id='word_1_473' title='bbox 1366 2274 1417 2305; x_wconf 90' lang='lat' dir='ltr'>En</span> <span class='ocrx_word' id='word_1_474' title='bbox 1443 2274 1524 2315; x_wconf 88' lang='lat' dir='ltr'>quel</span> <span class='ocrx_word' id='word_1_475' title='bbox 1548 2285 1650 2312; x_wconf 91' lang='lat' dir='ltr'>anno,</span> <span class='ocrx_word' id='word_1_476' title='bbox 1666 2285 1686 2305; x_wconf 88' lang='lat' dir='ltr'>a</span> <span class='ocrx_word' id='word_1_477' title='bbox 1704 2274 1762 2306; x_wconf 90' lang='lat' dir='ltr'>die</span> <span class='ocrx_word' id='word_1_478' title='bbox 1780 2275 1954 2307; x_wconf 85' lang='lat' dir='ltr'>desenove</span> 
     </span>
     <span class='ocr_line' id='line_1_87' title="bbox 1112 2327 1953 2369; baseline -0.004 -8"><span class='ocrx_word' id='word_1_479' title='bbox 1112 2330 1169 2362; x_wconf 86' lang='lat' dir='ltr'>del</span> <span class='ocrx_word' id='word_1_480' title='bbox 1195 2339 1287 2360; x_wconf 90' lang='lat' dir='ltr'>mese</span> <span class='ocrx_word' id='word_1_481' title='bbox 1312 2328 1355 2359; x_wconf 89' lang='lat' dir='ltr'>de</span> <span class='ocrx_word' id='word_1_482' title='bbox 1380 2327 1501 2364; x_wconf 89' lang='lat' dir='ltr'>avrile‚</span> <span class='ocrx_word' id='word_1_483' title='bbox 1518 2328 1528 2357; x_wconf 92' lang='lat' dir='ltr'>i</span> <span class='ocrx_word' id='word_1_484' title='bbox 1544 2327 1718 2369; x_wconf 80' lang='lat' dir='ltr'>magnifici</span> <span class='ocrx_word' id='word_1_485' title='bbox 1735 2328 1865 2369; x_wconf 78' lang='lat' dir='ltr'>signori</span> <span class='ocrx_word' id='word_1_486' title='bbox 1883 2339 1953 2359; x_wconf 89' lang='lat' dir='ltr'>me-</span> 
     </span>
     <span class='ocr_line' id='line_1_88' title="bbox 1112 2380 1954 2414; baseline -0.002 0"><span class='ocrx_word' id='word_1_487' title='bbox 1112 2383 1178 2414; x_wconf 88' lang='lat' dir='ltr'>sier</span> <span class='ocrx_word' id='word_1_488' title='bbox 1202 2380 1355 2413; x_wconf 88' lang='lat' dir='ltr'>Iacomin</span> <span class='ocrx_word' id='word_1_489' title='bbox 1380 2386 1414 2411; x_wconf 91' lang='lat' dir='ltr'>et</span> <span class='ocrx_word' id='word_1_490' title='bbox 1442 2381 1637 2412; x_wconf 89' lang='lat' dir='ltr'>Francesco</span> <span class='ocrx_word' id='word_1_491' title='bbox 1672 2381 1716 2411; x_wconf 86' lang='lat' dir='ltr'>da</span> <span class='ocrx_word' id='word_1_492' title='bbox 1740 2381 1887 2412; x_wconf 80' lang='lat' dir='ltr'>carrara</span> <span class='ocrx_word' id='word_1_493' title='bbox 1918 2382 1954 2412; x_wconf 87' lang='lat' dir='ltr'>in</span> 
     </span>
     <span class='ocr_line' id='line_1_89' title="bbox 1111 2433 1954 2474; baseline -0.001 -8"><span class='ocrx_word' id='word_1_494' title='bbox 1111 2437 1242 2467; x_wconf 89' lang='lat' dir='ltr'>honore</span> <span class='ocrx_word' id='word_1_495' title='bbox 1283 2433 1374 2465; x_wconf 87' lang='lat' dir='ltr'>della</span> <span class='ocrx_word' id='word_1_496' title='bbox 1414 2433 1624 2464; x_wconf 88' lang='lat' dir='ltr'>coronacion</span> <span class='ocrx_word' id='word_1_497' title='bbox 1664 2433 1954 2474; x_wconf 78' lang='lat' dir='ltr'>dell’emperador</span> 
     </span>
     <span class='ocr_line' id='line_1_90' title="bbox 1113 2486 1952 2521; baseline -0.004 0"><span class='ocrx_word' id='word_1_498' title='bbox 1113 2488 1299 2521; x_wconf 84' lang='lat' dir='ltr'>celebrada</span> <span class='ocrx_word' id='word_1_499' title='bbox 1322 2488 1356 2518; x_wconf 92' lang='lat' dir='ltr'>in</span> <span class='ocrx_word' id='word_1_500' title='bbox 1381 2488 1493 2519; x_wconf 87' lang='lat' dir='ltr'>Roma</span> <span class='ocrx_word' id='word_1_501' title='bbox 1516 2487 1543 2518; x_wconf 90' lang='lat' dir='ltr'>si</span> <span class='ocrx_word' id='word_1_502' title='bbox 1569 2486 1671 2518; x_wconf 79' lang='lat' dir='ltr'>statui</span> <span class='ocrx_word' id='word_1_503' title='bbox 1694 2487 1728 2518; x_wconf 87' lang='lat' dir='ltr'>in</span> <span class='ocrx_word' id='word_1_504' title='bbox 1755 2486 1847 2518; x_wconf 86' lang='lat' dir='ltr'>Pava</span> <span class='ocrx_word' id='word_1_505' title='bbox 1864 2487 1952 2518; x_wconf 76' lang='lat' dir='ltr'>festa</span> 
     </span>
     <span class='ocr_line' id='line_1_91' title="bbox 1112 2539 1953 2582; baseline -0.004 -9"><span class='ocrx_word' id='word_1_506' title='bbox 1112 2542 1275 2574; x_wconf 87' lang='lat' dir='ltr'>solemne.</span> <span class='ocrx_word' id='word_1_507' title='bbox 1315 2540 1354 2571; x_wconf 90' lang='lat' dir='ltr'>In</span> <span class='ocrx_word' id='word_1_508' title='bbox 1378 2540 1411 2571; x_wconf 87' lang='lat' dir='ltr'>la</span> <span class='ocrx_word' id='word_1_509' title='bbox 1428 2540 1508 2581; x_wconf 79' lang='lat' dir='ltr'>qual</span> <span class='ocrx_word' id='word_1_510' title='bbox 1533 2540 1622 2571; x_wconf 74' lang='lat' dir='ltr'>festa</span> <span class='ocrx_word' id='word_1_511' title='bbox 1647 2549 1709 2580; x_wconf 91' lang='lat' dir='ltr'>per</span> <span class='ocrx_word' id='word_1_512' title='bbox 1731 2539 1790 2581; x_wconf 79' lang='lat' dir='ltr'>piu</span> <span class='ocrx_word' id='word_1_513' title='bbox 1816 2540 1953 2582; x_wconf 71' lang='lat' dir='ltr'>legreca</span> 
     </span>
     <span class='ocr_line' id='line_1_92' title="bbox 1114 2592 1951 2634; baseline -0.005 -8"><span class='ocrx_word' id='word_1_514' title='bbox 1114 2594 1238 2626; x_wconf 88' lang='lat' dir='ltr'>mesier</span> <span class='ocrx_word' id='word_1_515' title='bbox 1267 2593 1420 2624; x_wconf 88' lang='lat' dir='ltr'>Iacomin</span> <span class='ocrx_word' id='word_1_516' title='bbox 1445 2592 1479 2624; x_wconf 90' lang='lat' dir='ltr'>in</span> <span class='ocrx_word' id='word_1_517' title='bbox 1503 2592 1535 2623; x_wconf 89' lang='lat' dir='ltr'>la</span> <span class='ocrx_word' id='word_1_518' title='bbox 1566 2592 1686 2634; x_wconf 82' lang='lat' dir='ltr'>ghiesa</span> <span class='ocrx_word' id='word_1_519' title='bbox 1718 2592 1892 2623; x_wconf 82' lang='lat' dir='ltr'>catedrale</span> <span class='ocrx_word' id='word_1_520' title='bbox 1924 2593 1951 2622; x_wconf 80' lang='lat' dir='ltr'>si</span> 
     </span>
     <span class='ocr_line' id='line_1_93' title="bbox 1113 2645 1953 2687; baseline -0.004 -8"><span class='ocrx_word' id='word_1_521' title='bbox 1113 2647 1244 2679; x_wconf 77' lang='lat' dir='ltr'>adorno</span> <span class='ocrx_word' id='word_1_522' title='bbox 1269 2646 1279 2676; x_wconf 96' lang='lat' dir='ltr'>i</span> <span class='ocrx_word' id='word_1_523' title='bbox 1304 2645 1527 2687; x_wconf 78' lang='lat' dir='ltr'>enfrascripti</span> <span class='ocrx_word' id='word_1_524' title='bbox 1551 2646 1605 2677; x_wconf 92' lang='lat' dir='ltr'>del</span> <span class='ocrx_word' id='word_1_525' title='bbox 1630 2645 1759 2676; x_wconf 90' lang='lat' dir='ltr'>honore</span> <span class='ocrx_word' id='word_1_526' title='bbox 1778 2646 1820 2676; x_wconf 88' lang='lat' dir='ltr'>de</span> <span class='ocrx_word' id='word_1_527' title='bbox 1838 2645 1953 2677; x_wconf 84' lang='lat' dir='ltr'>caval-</span> 
     </span>
     <span class='ocr_line' id='line_1_94' title="bbox 1113 2697 1954 2741; baseline -0.004 -9"><span class='ocrx_word' id='word_1_528' title='bbox 1113 2700 1207 2738; x_wconf 85' lang='lat' dir='ltr'>laria,</span> <span class='ocrx_word' id='word_1_529' title='bbox 1225 2699 1288 2741; x_wconf 71' lang='lat' dir='ltr'>coe</span> <span class='ocrx_word' id='word_1_530' title='bbox 1307 2699 1430 2730; x_wconf 88' lang='lat' dir='ltr'>mesier</span> <span class='ocrx_word' id='word_1_531' title='bbox 1446 2699 1585 2730; x_wconf 85' lang='lat' dir='ltr'>Iacomo</span> <span class='ocrx_word' id='word_1_532' title='bbox 1606 2698 1728 2730; x_wconf 89' lang='lat' dir='ltr'>vechio</span> <span class='ocrx_word' id='word_1_533' title='bbox 1746 2699 1788 2729; x_wconf 91' lang='lat' dir='ltr'>de</span> <span class='ocrx_word' id='word_1_534' title='bbox 1805 2697 1954 2730; x_wconf 83' lang='lat' dir='ltr'>Cavide-</span> 
     </span>
     <span class='ocr_line' id='line_1_95' title="bbox 1114 2751 1954 2791; baseline -0.004 -7"><span class='ocrx_word' id='word_1_535' title='bbox 1114 2754 1235 2791; x_wconf 87' lang='lat' dir='ltr'>vacha,</span> <span class='ocrx_word' id='word_1_536' title='bbox 1260 2751 1415 2783; x_wconf 86' lang='lat' dir='ltr'>Beachin</span> <span class='ocrx_word' id='word_1_537' title='bbox 1440 2751 1483 2782; x_wconf 87' lang='lat' dir='ltr'>da</span> <span class='ocrx_word' id='word_1_538' title='bbox 1507 2751 1621 2790; x_wconf 87' lang='lat' dir='ltr'>Prata,</span> <span class='ocrx_word' id='word_1_539' title='bbox 1645 2752 1752 2782; x_wconf 87' lang='lat' dir='ltr'>mario</span> <span class='ocrx_word' id='word_1_540' title='bbox 1777 2751 1869 2782; x_wconf 87' lang='lat' dir='ltr'>della</span> <span class='ocrx_word' id='word_1_541' title='bbox 1900 2760 1954 2781; x_wconf 88' lang='lat' dir='ltr'>so-</span> 
     </span>
    </p>
   </div>
   <div class='ocr_carea' id='block_1_22' title="bbox 1203 2860 1455 2891">
    <p class='ocr_par' dir='ltr' id='par_1_22' title="bbox 1203 2860 1455 2891">
     <span class='ocr_line' id='line_1_96' title="bbox 1203 2860 1455 2891; baseline 0 -8"><span class='ocrx_word' id='word_1_542' title='bbox 1203 2867 1244 2885; x_wconf 84' lang='lat'>20.</span> <span class='ocrx_word' id='word_1_543' title='bbox 1264 2860 1408 2891; x_wconf 84' lang='lat' dir='ltr'>regnando</span> <span class='ocrx_word' id='word_1_544' title='bbox 1428 2860 1455 2883; x_wconf 89' lang='lat' dir='ltr'><em>P</em></span> 
     </span>
    </p>
   </div>
   <div class='ocr_carea' id='block_1_23' title="bbox 1155 2979 1592 3012">
    <p class='ocr_par' dir='ltr' id='par_1_23' title="bbox 1155 2979 1592 3012">
     <span class='ocr_line' id='line_1_97' title="bbox 1155 2979 1592 3012; baseline -0.002 -6"><span class='ocrx_word' id='word_1_545' title='bbox 1155 2980 1165 2996; x_wconf 70' lang='lat'><em>²</em></span> <span class='ocrx_word' id='word_1_546' title='bbox 1185 2979 1331 3011; x_wconf 64' lang='lat' dir='ltr'>Com-us:</span> <span class='ocrx_word' id='word_1_547' title='bbox 1345 2981 1483 3009; x_wconf 74' lang='lat' dir='ltr'>Chronica.</span> <span class='ocrx_word' id='word_1_548' title='bbox 1502 2980 1548 3009; x_wconf 87' lang='lat' dir='ltr'>XI,</span> <span class='ocrx_word' id='word_1_549' title='bbox 1569 2988 1592 3012; x_wconf 82' lang='lat'>4.</span> 
     </span>
    </p>
   </div>
  </div>
 </body>
</html>
