2422 3684
382 269 451 302 144
724 267 894 302 GESTA
924 266 1220 304 MAGNIFICA
1254 255 1438 302 DOMUS
1466 266 1858 302 CARRAROENSIS

697 399 839 432 REDAz.
862 398 896 430 A

375 477 448 504 erat
471 471 630 504 astrictus
655 472 696 503 de
721 471 896 511 suffragiis
911 469 1216 513 gentimminstan-

373 526 497 557 tissime
521 525 747 566 requiserunt.
772 525 815 555 ad
841 533 925 565 quos
949 534 1011 564 per
1040 523 1214 554 dominum

373 578 583 611 cardinalem
609 584 642 609 et
658 577 893 609 marchionem
912 583 1079 608 estensem
1095 582 1216 619 gentes

373 633 473 664 misse
498 637 586 669 sunt,
600 637 682 673 quot
705 631 749 661 ad
766 630 956 661 custodiam
973 629 1035 661 rati
1052 637 1128 662 sunt
1147 631 1217 661 suf-

374 687 483 718 ficere
507 685 664 717 civitatis.
712 685 781 717 Sed
806 691 926 726 gentes
950 683 1079 714 domini
1111 683 1216 724 ipsius

375 739 588 772 Bernabonis
600 745 703 770 nocte
717 739 834 781 quinta
847 737 971 769 mensis
984 737 1114 778 aprilis,
1130 747 1217 778 pon-

373 793 462 826 tibus
486 793 588 824 editis
611 799 645 824 et
668 792 742 823 aliis
767 792 985 833 paramentis,
1008 791 1050 821 ad
1066 790 1216 821 claustra

373 847 488 878 setalii
513 847 619 887 ipsius
643 846 754 877 foveis
779 845 912 887 magnis
929 850 963 875 et
978 844 1068 875 valle
1086 842 1216 874 munita

374 910 409 931 se
427 900 659 931 contulerunt.
692 898 747 930 Ad
764 899 860 930 cuius
878 898 1067 929 custodiam
1086 896 1217 929 domiui

376 953 440 994 ipsi
464 952 644 984 Mantuani
668 957 790 994 gentes
813 951 1041 992 premiserant
1060 949 1217 981 Ecclesie

376 1012 410 1038 et
432 1006 650 1042 marchionis,
673 1017 738 1047 que
763 1005 796 1035 iu
821 1004 1028 1036 rusticorum
1060 1003 1218 1035 domibus

374 1060 546 1091 collocate
571 1061 719 1090 rusticos
742 1060 835 1100 ipsos
858 1059 903 1090 ad
927 1057 1043 1089 seralii
1068 1056 1217 1098 predicti

375 1112 563 1144 custodiam
581 1112 779 1143 mictelmnt.
815 1111 1041 1153 Contigitque
1067 1111 1160 1152 quod
1177 1121 1217 1141 ea

375 1171 488 1203 nocte,
513 1176 580 1208 qua
602 1165 709 1206 ipsius
734 1164 863 1196 domini
890 1163 1104 1195 Bernabonis
1131 1172 1216 1204 gens

374 1219 534 1250 seralium
552 1218 702 1255 intravit,
718 1217 876 1261 gentibus
894 1217 1053 1248 Ecclesie
1078 1222 1112 1248 et
1129 1227 1216 1247 mar-

374 1272 510 1303 chionis
539 1271 733 1303 volentibus
755 1271 917 1302 iniuriam
942 1269 1142 1302 mulieribus
1166 1270 1216 1300 in-

375 1326 468 1356 {erre
484 1324 699 1364 rusticorum,
717 1325 773 1366 qui
791 1329 953 1365 preerant
977 1322 1091 1354 seralii
1109 1322 1216 1363 ipsius

377 1378 546 1414 custodie,
568 1378 720 1419 ipsisque
745 1377 972 1408 clamanthus
1003 1374 1215 1412 mulieribus,

376 1430 497 1463 rustici
522 1430 596 1471 ipsi,
621 1430 777 1462 custodia
801 1430 934 1466 relicta,
965 1430 1009 1460 ad
1034 1429 1214 1459 mulierum

376 1483 545 1515 clamores
568 1483 629 1514 illo
654 1495 689 1515 se
713 1490 860 1515 traxere.
901 1483 1028 1524 Sicque
1053 1482 1214 1514 seralium

375 1537 485 1577 ipsum
518 1537 625 1577 ipsius
656 1537 786 1568 domiui
811 1536 1025 1567 Bernabonis
1056 1535 1216 1577 gentibus

375 1589 485 1629 patuit
508 1589 637 1630 absque
666 1600 792 1631 pugna,
817 1589 873 1620 ubi
892 1599 970 1621 mox
987 1599 1121 1630 queque
1139 1594 1216 1620 sunt

376 1642 529 1682 exposita
546 1643 667 1682 prede,
682 1642 854 1673 hominum
880 1648 915 1673 et
939 1642 1133 1673 animalium
1161 1652 1217 1672 ca-

375 1695 521 1736 pciones
544 1695 638 1726 facte
655 1696 876 1736 permaxime.
917 1695 1021 1733 Quod
1041 1695 1216 1726 mantuani

376 1749 500 1780 heroes
530 1759 599 1781 non
625 1749 798 1780 modicum
824 1749 1020 1784 hesitantes,
1036 1748 1132 1779 illico
1156 1748 1217 1778 im-

377 1802 540 1843 peratori,
573 1803 627 1844 qui
660 1803 724 1833 iam
758 1802 899 1834 Utinum
925 1802 1118 1843 appulerat,
1149 1802 1218 1832 suis

378 1855 506 1886 licteris
522 1862 752 1892 reservarunt,
768 1856 1004 1897 supplicantes
1015 1861 1052 1886 ut
1069 1864 1130 1886 suo
1148 1854 1219 1885 vel-

377 1909 425 1939 let
442 1908 559 1945 milite,
584 1915 766 1951 antequam
784 1910 908 1940 {ortem
923 1920 958 1940 se
976 1908 1082 1940 hostis
1099 1907 1218 1944 faciat,

376 1962 458 2003 ipsis
471 1962 670 2004 suffragari.
697 1962 802 1998 Quod
815 1968 848 1993 et
862 1962 990 1993 sactum
1010 1962 1140 1999 fuisset,
1155 1961 1215 1991 nisi

377 2021 472 2046 tanta
495 2015 601 2056 ipsius
624 2016 749 2046 inertia
773 2016 940 2046 tenuisset
964 2015 1218 2056 imperatorem,

378 2068 447 2111 qui,
472 2068 626 2110 coniugis
647 2079 705 2099 sue
726 2075 912 2109 expectans
929 2068 1124 2104 adventum,
1143 2078 1218 2108 pre-

377 2121 525 2153 tendens
551 2132 586 2152 se
611 2122 737 2153 milites
760 2121 929 2153 australes
953 2121 1147 2162 prestolari,
1161 2120 1218 2162 qui

377 2175 486 2215 ipsum
512 2174 687 2206 debebant
711 2174 878 2212 comitari,
903 2175 936 2205 in
962 2173 1115 2206 Foriiulii
1141 2184 1218 2214 par-

377 2227 466 2259 tibus
483 2233 617 2268 tempus
635 2227 737 2269 longe
754 2227 979 2268 consumpsit,
997 2226 1054 2258 ubi
1072 2233 1139 2259 tam
1159 2226 1217 2258 diu

377 2281 542 2322 persedit,
559 2282 653 2323 quod
676 2291 711 2312 se
738 2281 896 2312 domiuus
921 2280 1095 2311 Bernabos
1113 2279 1148 2310 in
1165 2289 1215 2310 se-

377 2333 462 2365 ralio
480 2334 604 2365 fortem
630 2334 723 2365 fecit.
765 2333 844 2370 Quo
861 2333 976 2364 medio
994 2332 1055 2364 sub
1073 2343 1133 2373 spe
1158 2343 1219 2373 po-

378 2387 489 2418 tiundi
513 2386 653 2418 dominii
670 2387 845 2417 mantuani
869 2387 969 2418 etiam
987 2386 1031 2417 ad
1056 2396 1090 2416 se
1109 2385 1218 2417 Scali-

378 2451 497 2482 gerum
523 2441 651 2471 unione
676 2439 883 2481 perstrinxit.

468 2750 542 2780 280.
560 2768 600 2772 -
617 2749 795 2781 Creditum
812 2755 925 2780 tamen
942 2760 961 2780 a
982 2749 1154 2780 nonnullis
1170 2755 1220 2781 est

379 2803 622 2844 imperatorem
647 2802 767 2843 ipsum,
792 2803 986 2844 priusquam
1011 2812 1046 2833 se
1070 2813 1090 2832 a
1106 2802 1218 2845 Prage

381 2855 503 2886 finibus
519 2855 689 2891 solvisset,
707 2865 781 2886 cum
803 2855 942 2886 domino
959 2865 995 2887 se
1012 2854 1218 2886 Bernabone

380 2907 598 2939 intellexisse.
647 2906 754 2944 Quod
788 2919 832 2939 ex
866 2908 972 2951 gestis
1009 2919 1072 2949 per
1110 2907 1218 2940 Scali-

381 2971 499 3003 gerum
524 2962 807 3002 comprehensum
833 2968 884 2993 est
905 2968 973 2993 tam
997 2972 1040 2994 ex
1065 2962 1219 2993 destruc-

381 3015 473 3045 tione
499 3014 613 3054 pontis
636 3013 762 3050 Minui,
787 3025 886 3055 quam
913 3025 954 3046 ex
978 3014 1053 3046 aliis
1069 3015 1220 3055 operatis

1284 900 1322 931 10

1283 1165 1319 1195 15

1280 1430 1320 1461 20

1280 1694 1321 1726 25

1280 1961 1322 1991 30

1281 2223 1321 2254 35

1282 2489 1322 2519 40

1283 2806 1322 2836 45

1695 399 1834 431 REnAz.
1857 398 1890 430 D

1374 470 1415 502 El
1443 470 1522 513 qual
1554 470 1670 513 signor
1704 471 1826 503 mesier
1860 471 2057 503 Fraucesco
2092 480 2154 511 per
2185 470 2218 501 la

1371 524 1477 555 union
1495 524 1589 555 facta
1606 535 1650 554 no
1668 523 1677 554 i
1697 534 1755 555 era
1771 524 1852 564 pero
1873 529 2034 555 astrecto.
2062 522 2104 554 Ai
2123 523 2216 564 quali

1373 576 1503 619 signori
1530 577 1572 608 de
1598 576 1739 608 Mantoa
1763 587 1825 618 per
1855 577 1980 608 mesier
2004 576 2036 608 lo
2062 576 2217 608 cardinal

1375 638 1409 662 et
1431 641 1496 672 per
1519 631 1551 662 lo
1576 631 1754 662 marchese
1781 631 1816 661 fo
1841 628 1967 661 manda
1990 635 2085 661 tanta
2103 635 2217 671 gente,

1374 691 1500 726 quanta
1524 684 1532 714 i
1559 694 1710 725 pensava
1734 684 1851 715 bastar
1874 683 1941 714 alla
1964 681 2097 724 guarda
2125 681 2218 713 della

1374 743 1475 768 terra.
1502 736 1561 767 Ma
1575 736 1606 767 la
1619 742 1723 778 gente
1739 736 1794 768 del
1809 735 1902 768 dicto
1919 735 2044 767 mesier
2058 734 2217 767 Bernabo

1374 801 1442 821 una
1465 797 1567 822 noete
1591 790 1717 831 cinque
1742 789 1799 820 del
1823 799 1914 820 mese
1940 789 1983 820 de
2014 789 2121 820 avrile
2152 798 2218 819 con

1375 844 1469 885 ponti
1494 843 1578 875 facti
1605 849 1638 874 et
1662 853 1725 874 con
1750 842 1830 873 altri
1849 842 2167 884 apparechiamenti
2187 841 2217 872 ni

1376 907 1488 928 venne
1511 897 1544 927 al
1569 896 1662 928 dicto
1686 896 1773 928 sera
1791 896 1931 928 fornido
1956 895 2000 927 de
2024 906 2110 937 gran
2126 895 2217 927 fosse

1374 956 1408 982 et
1433 951 1476 981 de
1493 950 1629 991 spaldo.
1678 948 1757 980 Aila
1773 949 1906 991 guarda
1923 949 1978 981 del
1999 949 2078 990 qual
2096 948 2218 990 spaldo

1374 1005 1384 1035 i
1402 1003 1487 1036 dicti
1503 1003 1631 1047 signori
1649 1003 1692 1033 de
1710 1003 1853 1034 Mantoa
1871 1002 1957 1033 have
1974 1002 2084 1043 prima
2095 1000 2218 1033 manda

1374 1057 1407 1088 la
1430 1063 1534 1100 gente
1559 1056 1652 1087 dalla
1677 1055 1804 1087 Ghiesa
1828 1062 1862 1086 et
1890 1055 1947 1086 del
1972 1055 2162 1093 marchese,
2188 1056 2217 1086 le

1374 1112 1455 1153 qual
1479 1115 1581 1152 gente
1607 1121 1642 1141 se
1659 1109 1771 1152 alloco
1788 1110 1821 1140 iu
1837 1119 1914 1140 casa
1931 1107 1989 1140 dei
2007 1108 2112 1140 omini
2128 1108 2218 1139 delle

1374 1164 1466 1202 ville,
1483 1170 1517 1194 et
1541 1163 1711 1194 mandava
1735 1163 1742 1193 i
1768 1162 1886 1193 villani
1912 1161 1981 1193 alla
2005 1162 2137 1204 guarda
2160 1161 2218 1193 del

1377 1219 1470 1249 dicto
1494 1217 1618 1248 seraio.
1656 1216 1699 1248 Et
1713 1216 1873 1247 advenae
1891 1215 1955 1246 che
1973 1214 2086 1257 quella
2103 1221 2218 1253 nocte,

1376 1271 1440 1301 che
1465 1271 1498 1301 la
1521 1276 1623 1311 gente
1648 1269 1692 1301 de
1715 1270 1839 1302 mesier
1871 1269 2029 1300 Bernaba)
2060 1264 2152 1301 introv
2183 1269 2217 1300 in

1376 1323 1408 1354 lo
1424 1324 1546 1360 seraio,
1564 1322 1712 1354 voiando
1738 1323 1769 1354 la
1791 1328 1895 1364 gente
1919 1322 2011 1353 della
2038 1322 2167 1353 Ghiesa
2184 1327 2218 1353 et

1375 1376 1432 1407 del
1456 1376 1634 1407 marchese
1659 1376 1713 1407 far
1744 1376 1876 1418 incuria
1908 1375 1974 1407 alle
2005 1376 2143 1407 femene
2173 1375 2217 1407 de

1376 1430 1460 1472 quili
1485 1430 1575 1461 dalle
1598 1430 1689 1466 ville,
1721 1430 1785 1460 che
1811 1439 1871 1460 era
1901 1429 1968 1460 alla
2001 1429 2131 1470 guarda
2159 1427 2216 1460 del

1374 1483 1497 1520 sei-aio,
1522 1489 1555 1514 et
1579 1482 1747 1514 cridaudo
1771 1481 1802 1513 le
1827 1483 1919 1513 dicte
1944 1482 2094 1520 femene,
2117 1481 2126 1512 i
2155 1481 2217 1513 vil-

1375 1536 1456 1573 lani,
1472 1535 1704 1567 abandonada
1723 1535 1754 1566 la
1770 1535 1913 1578 guarda,
1930 1540 2024 1566 traxe
2049 1536 2082 1566 al
2105 1545 2218 1567 remor

1375 1588 1466 1620 delle
1486 1589 1576 1620 dicte
1593 1589 1742 1621 femene.
1778 1588 1821 1619 Et
1838 1589 1910 1620 cosi
1926 1599 1945 1619 a
1961 1588 2040 1630 quel
2058 1594 2165 1630 ponto
2180 1599 2217 1620 se

1375 1642 1476 1673 abate
1494 1653 1514 1673 a
1531 1641 1646 1684 vignir
1668 1641 1701 1672 al
1724 1642 1835 1673 seraio
1855 1641 1887 1673 la
1903 1648 2008 1683 gente
2025 1641 2069 1673 de
2093 1642 2219 1673 mesier

1376 1694 1548 1733 Bernabo,
1567 1694 1598 1726 el
1619 1695 1699 1737 qual
1717 1696 1862 1727 trovado
1877 1705 1978 1738 senca
1995 1696 2139 1737 guarda,
2159 1696 2217 1728 elli

1375 1748 1466 1780 intro
1483 1758 1586 1790 senca
1605 1747 1727 1786 batam,
1794 1754 1880 1780 tutte
1897 1749 1928 1780 le
1947 1759 2026 1780 cose
2043 1749 2080 1780 fo
2096 1749 2218 1781 incon-

1375 1808 1513 1833 tenente
1539 1808 1634 1842 poste
1657 1813 1676 1832 a
1700 1801 1810 1842 preda
1833 1809 1866 1833 et
1890 1802 1983 1834 facte
2007 1812 2092 1845 gran
2117 1812 2218 1844 prese

1377 1855 1420 1886 de
1446 1855 1573 1886 homiui
1598 1861 1632 1886 et
1660 1854 1702 1886 de
1728 1855 1877 1886 animali.
1924 1855 1974 1886 La
1999 1855 2078 1897 qual
2104 1865 2184 1886 cosa
2206 1855 2219 1886 i

1375 1907 1506 1949 signori
1525 1907 1568 1939 de
1593 1907 1748 1942 Mantoa
1772 1918 1816 1939 no
1840 1909 1956 1949 pocho
1974 1908 2217 1945 dubitandose,

1377 1961 1628 2002 [reservarouo]
1646 1972 1708 2002 per
1724 1972 1760 1993 so
1779 1961 1884 1993 letere
1903 1972 1921 1992 a
1938 1961 2171 2002 l'imperador
2187 1961 2217 1991 el

1377 2014 1458 2056 qual
1481 2025 1539 2045 era
1563 2015 1609 2046 ad
1633 2014 1769 2052 Udene,
1793 2015 2081 2055 supplicliandoie
2106 2015 2170 2046 che
2196 2015 2216 2045 l

1377 2069 1410 2099 ie
1434 2069 1511 2100 voia
1535 2078 1692 2100 secors-er
1717 2069 1759 2099 de
1784 2075 1900 2111 gente,
1924 2068 2024 2111 nanei
2049 2069 2114 2099 che
2132 2068 2219 2099 l'ini-

1378 2121 1468 2163 migo
1493 2131 1528 2152 se
1554 2121 1632 2164 saca
1657 2122 1756 2153 forte.
1802 2121 1852 2153 La
1876 2122 1956 2163 qual
1988 2132 2069 2153 cosa
2098 2131 2217 2153 sei-ave

1376 2180 1428 2205 sta
1452 2174 1556 2210 facta,
1579 2185 1615 2206 se
1633 2180 1726 2205 tanta
1743 2175 1882 2217 pigritia
1900 2184 1943 2206 no
1961 2175 2103 2206 havesse
2120 2175 2217 2217 tignu

1376 2227 1606 2268 limperador,
1627 2227 1659 2259 el
1675 2229 1764 2269 qual,
1781 2228 1991 2269 aspectando
2016 2229 2049 2259 la
2065 2228 2218 2271 vignuda

1377 2282 1420 2312 de
1443 2291 1502 2312 soa
1526 2281 1642 2320 moier,
1666 2280 1821 2322 digando
1846 2281 1910 2313 che
1938 2282 2006 2314 ello
2030 2288 2218 2323 aspectava

1375 2334 1385 2365 i
1410 2334 1599 2366 chavalieri
1625 2340 1658 2365 et
1681 2335 1713 2365 la
1730 2341 1832 2376 geute
1858 2334 1901 2366 de
1926 2335 2122 2371 Ostoricho,
2152 2336 2216 2366 che

1375 2388 1408 2419 ie
1433 2388 1543 2419 dovea
1568 2387 1682 2428 vignir
1707 2387 1792 2423 drio,
1816 2394 1904 2419 sotto
1925 2394 2047 2430 questo
2065 2395 2216 2430 pretesto

1376 2440 1470 2471 molti
1497 2447 1530 2471 et
1553 2440 1649 2471 molti
1673 2439 1707 2471 di
1731 2446 1816 2472 stete
1840 2441 1874 2471 iu
1902 2441 2016 2479 Frioli,
2034 2448 2068 2473 et
2084 2448 2218 2483 stetege

1377 2498 1482 2530 tanto,
1496 2493 1560 2524 che
1574 2493 1594 2522 'l
1607 2493 1700 2524 dicto
1713 2493 1836 2525 mesier
1850 2494 2008 2526 Bernabo
2020 2506 2056 2526 se
2070 2494 2116 2526 fe
2126 2495 2216 2527 forte

1376 2547 1413 2577 in
1435 2547 1470 2578 lo
1487 2546 1579 2578 dieto
1603 2547 1723 2578 seraio.
1771 2547 1808 2578 Iu
1835 2547 1865 2579 lo
1885 2548 1963 2589 qual
1988 2554 2103 2590 tempo
2127 2555 2216 2580 sotto

1376 2609 1542 2640 speranza
1557 2598 1602 2630 de
1619 2600 1794 2641 acquistar
1807 2600 1838 2630 la
1853 2601 2005 2643 signoria
2019 2602 2061 2632 de
2076 2601 2216 2633 Mantoa

1378 2652 1445 2683 ello
1469 2663 1505 2683 se
1530 2652 1598 2695 ligo
1623 2662 1688 2683 con
1714 2651 1907 2695 Cansignor
1931 2654 2024 2685 dalla
2048 2654 2162 2686 Scala.

1466 2750 1540 2780 280.
1564 2766 1605 2770 -
1630 2748 1670 2779 El
1697 2749 1731 2779 fo
1757 2749 1911 2780 credudo
1929 2760 1992 2791 per
2007 2751 2122 2793 alguui
2140 2752 2216 2785 che.

1379 2802 1476 2844 nauci
1497 2802 1561 2833 che
1578 2801 1800 2842 l'imperador
1816 2813 1852 2834 se
1870 2803 2013 2844 partisse
2031 2804 2075 2835 da
2093 2804 2216 2847 nga,

1379 2855 1442 2886 che
1469 2855 1535 2887 ello
1559 2855 1782 2887 s'intendesse
1810 2865 1876 2887 con
1900 2857 2023 2888 mesier
2047 2857 2216 2889 Bernabo.

1378 2908 1430 2939 La
1453 2908 1533 2950 qual
1557 2918 1637 2940 cosa
1661 2909 1698 2940 fo
1723 2919 1903 2949 compresa
1926 2920 1988 2950 per
2011 2910 2126 2952 quello
2151 2912 2216 2941 che

1380 2960 1424 2992 fe
1449 2961 1564 3003 quello
1589 2962 1680 2993 dalla
1702 2960 1803 2993 Scala
1828 2961 1854 2992 si
1882 2962 1918 2993 in
1951 2964 1984 2994 lo
2015 2969 2154 3006 guastar
2186 2963 2217 2994 el

1378 3019 1483 3054 ponte
1499 3013 1542 3046 de
1560 3015 1695 3058 Menco,
1713 3025 1812 3047 como
1829 3016 1862 3046 in
1879 3016 1910 3046 le
1927 3015 2011 3048 altre
2028 3026 2107 3048 cose
2126 3017 2216 3047 facte
