2422 3684
125 832 163 863 10
187 832 285 864 lutus.

123 1664 155 1682 10

124 1876 153 1901 15

123 2087 157 2104 20

124 2299 155 2324 ²5

124 2509 159 2534 30

126 2721 158 2749 35

128 2932 161 2957 40

531 223 704 258 GESTA
732 223 1031 260 MAGNIFICA
1061 227 1246 262 DOMUS
1275 226 1661 263 CARRARIENSIS

183 354 250 395 qui,
276 355 350 396 ipso
375 354 539 397 Eceelino
564 360 763 395 conspect0‚
788 365 866 386 mox
890 361 985 398 terga
1009 356 1106 388 dedit
1122 356 1147 394 ¹3
1172 357 1244 399 ipse
1276 368 1357 389 vero
1381 359 1536 390 marchio
1560 369 1624 399 per
1648 359 1735 390 viam
1767 370 1885 391 versus
1916 360 2017 391 Mon-

183 407 399 445 temsilicem,
425 417 525 438 cursu
549 407 684 438 adiutus
708 408 798 449 equi,
823 409 1057 450 captivitatem
1083 410 1217 452 aufugit
1231 410 1252 442 ².
1298 411 1465 442 Dominus
1488 411 1645 449 Iacobus,
1670 418 1750 444 tunc
1778 423 1814 443 se
1840 413 1962 444 videns
1995 424 2015 444 a

182 461 382 492 marchione
406 461 615 501 destitutum,
640 470 704 501 per
727 461 818 492 viam
843 461 1040 494 tendentem
1065 473 1183 495 versus
1212 463 1347 506 Agnam
1371 464 1435 495 iter
1458 465 1608 505 accepit,
1632 466 1694 496 sed
1718 475 1786 496 non
1812 466 1914 507 longe
1939 476 2017 506 pro-

183 523 331 555 gressus,
348 524 367 544 a
384 513 515 544 milicia
531 513 749 554 intercipitur
766 514 1061 547 Theotonicorum
1076 515 1098 547 ³.
1133 516 1177 547 Et
1194 517 1259 548 fuit
1277 518 1343 548 hoc
1365 517 1420 548 die
1440 527 1520 548 xun
1538 517 1621 548 iunii
1639 517 1804 549 millesimi
1823 518 2016 559 prescripti.

183 566 235 598 Ex
258 573 356 608 parta
381 567 525 598 victoria
547 566 732 608 Eccelinus
756 576 831 597 cum
859 567 986 608 gaudio
1009 569 1208 610 regreditur
1232 570 1405 601 civitatem
1420 570 1441 601 ⁴.
1488 570 1657 601 Dominus
1679 578 1792 602 autem
1810 570 1956 602 Iacobus
1973 572 2015 602 de

184 618 344 651 Carraria
368 620 527 651 detentus
552 618 772 655 tenebatur⁵;
797 625 848 652 set
871 621 906 652 in
930 623 1026 653 curia
1051 622 1179 653 domini
1204 623 1358 665 Eccelini
1375 623 1504 654 amicos
1528 622 1649 654 habuit
1673 634 1816 665 magnos
1840 630 1874 655 et
1899 629 2020 665 poten-

182 679 245 711 tes,
269 674 328 715 qui
350 673 443 705 inter
465 673 574 714 ipsum
600 679 633 704 et
656 673 831 704 dominum
858 674 1056 716 Eccelinum
1081 682 1218 717 pactum
1245 683 1497 717 percusserunt,
1523 676 1684 708 videlicet
1700 678 1794 719 quod
1810 678 1884 719 ipse
1910 678 2019 709 domi-

182 737 246 758 nus
269 726 417 758 Iacobus
448 725 578 757 domini
611 726 770 768 Eecelini
795 736 867 757 esse
900 726 1026 759 debeat
1056 728 1194 766 amicus,
1221 735 1255 760 et
1279 729 1351 760 eius
1376 735 1527 761 castrum
1552 730 1594 761 de
1619 730 1779 761 Carraria
1803 731 1838 761 in
1862 730 2018 762 manibus

185 789 315 820 ponere
339 778 469 810 domini
493 779 672 820 potestatis
696 778 816 810 Padue
842 785 875 811 et
900 781 1065 812 comunis.
1111 782 1212 813 Tunc
1237 783 1373 814 demum
1397 782 1470 823 ipse
1501 782 1590 813 liber
1621 782 1816 814 dimictatur
1848 788 1882 814 et
1917 782 2017 814 abso-

335 830 441 869 Quod
466 832 540 873 ipse
564 832 724 863 dominus
746 832 892 863 Iacobus
917 833 960 864 de
985 833 1157 871 Carraria,
1183 846 1259 866 cum
1285 835 1403 866 facere
1428 835 1528 867 aliter
1552 847 1621 867 non
1645 842 1771 877 posset,
1803 835 2019 877 adimplevit.

275 938 324 968 16.
348 937 426 978 [30].
450 955 495 960 -
517 938 601 969 Item
617 937 640 976 ⁶,
665 938 825 969 dominus
849 939 1045 981 Eccelinus
1072 941 1152 971 dum
1183 940 1452 982 Montagnanam
1487 941 1666 973 obsideret
1689 952 1753 973 nec
1786 953 1840 973 res
1871 943 1914 973 ad
1940 949 2018 974 vota

182 991 414 1023 succederent
427 993 449 1028 ⁷,
483 1001 617 1032 semper
649 991 810 1022 dubitans
842 992 883 1023 de
917 993 1070 1024 amicitia
1094 993 1225 1025 domini
1258 994 1375 1026 Iacobi
1409 996 1451 1025 (le
1483 995 1655 1033 Carraria,
1687 995 1745 1037 qui
1779 1006 1893 1027 secum
1926 996 2019 1027 circa

183 1043 454 1085 Montagnanam
480 1049 552 1075 erat
576 1045 610 1075 in
635 1044 801 1081 exercitu,
826 1045 937 1085 ipsum
961 1046 1006 1076 ad
1031 1056 1065 1076 se
1091 1046 1186 1077 iussit
1210 1047 1346 1078 accurri
1371 1053 1498 1079 etcum
1524 1058 1565 1079 eo
1591 1049 1767 1079 dominum
1784 1047 2019 1085 Advedutum‚

183 1097 388 1129 advocatum
413 1096 531 1128 Padue
545 1097 568 1136 Β,
593 1097 701 1128 virum
726 1104 901 1129 strenuum
926 1099 961 1129 in
986 1099 1087 1130 armis
1112 1106 1145 1130 et
1170 1100 1312 1131 consilio
1330 1101 1547 1142 prudentem,
1571 1101 1631 1142 qui
1646 1101 1682 1132 in
1700 1101 1856 1133 omnibus
1873 1111 2019 1132 consen-

272 1231 294 1248 1.
315 1225 445 1256 inspecto
465 1226 493 1248 et
513 1225 547 1248 ad
568 1231 691 1256 pugnam
712 1226 813 1256 parato
834 1225 856 1249 S
867 1237 875 1241 -
890 1225 969 1248 (ledit
982 1227 1009 1248 et
1022 1233 1071 1255 per
1085 1227 1161 1249 viam
1176 1226 1287 1256 fugiens
1303 1234 1398 1250 vorsus
1414 1227 1623 1250 Montesilicern
1639 1227 1662 1252 S
1674 1240 1705 1243 —
1720 1234 1744 1250 z.
1758 1226 1882 1260 aufugit]
1896 1229 1986 1251 evasit
2001 1229 2023 1252 S

183 1278 193 1284 -
213 1267 287 1291 dom.
307 1274 375 1291 vero
397 1268 420 1291 S
436 1280 469 1284 —
490 1273 542 1298 2-3.
561 1274 590 1290 se
610 1267 780 1290 videns....
801 1267 929 1291 destitut.
949 1276 998 1291 om.
1020 1268 1042 1291 S
1059 1281 1090 1284 —
1112 1276 1136 1299 3.
1157 1267 1277 1300 accepit]
1297 1270 1419 1300 arripuit
1441 1270 1504 1293 S—
1519 1277 1543 1300 4.
1564 1271 1759 1301 interponitur
1779 1270 1801 1294 S
1818 1282 1827 1286 -
1849 1271 1922 1294 iunii
1937 1278 1985 1294 om.
2000 1271 2022 1294 S

183 1323 215 1326 —
237 1315 259 1340 5.
279 1308 384 1340 autem]
405 1316 470 1333 vero
490 1309 514 1334 S
531 1323 562 1326 —
584 1309 608 1333 6.
629 1309 662 1333 de
683 1309 813 1333 Carraria
834 1318 883 1334 om.
904 1310 926 1334 8
943 1318 956 1333 e
976 1319 1043 1341 aggvu

184 1351 207 1375 S
223 1365 254 1368 —
278 1351 302 1374 S.
323 1351 434 1375 deberet
455 1352 477 1375 S
494 1365 527 1369 —
546 1359 570 1380 o.
591 1354 618 1375 et
637 1354 704 1375 tunc
726 1353 748 1375 S
766 1366 794 1369 m
820 1359 858 1375 11.
878 1351 1018 1375 Item....

1068 1311 1179 1334 inierim
1198 1324 1205 1328 -
1220 1311 1340 1334 habebat
1354 1312 1377 1336 S
1389 1324 1420 1328 —
1436 1317 1459 1341 7.
1481 1313 1571 1343 ipsum
1586 1313 1734 1335 dominum
1748 1313 1880 1336 Iacobum
1899 1314 1926 1336 et
1945 1313 2018 1336 dom.

1038 1350 1191 1384 obsideret}
1218 1354 1283 1383 post
1303 1353 1429 1384 predicta
1456 1353 1521 1376 dum
1543 1354 1617 1377 circa
1644 1354 1733 1377 Mont.
1760 1356 1851 1377 castra
1878 1356 2019 1386 posuisset·

185 1394 207 1417 S
223 1407 231 1411 -
253 1394 410 1418 abscideret
429 1395 466 1418 M
481 1408 511 1412 —
535 1401 573 1418 12.
594 1394 753 1418 succederet
773 1395 794 1417 S
811 1407 821 1412 -
841 1394 874 1418 de
895 1396 1029 1425 potencia
1048 1396 1179 1418 amicicia
1202 1396 1235 1418 ΑΙ
1252 1409 1283 1412 -
1305 1401 1391 1426 12-13.
1413 1403 1505 1419 secum
1526 1397 1555 1419 in
1575 1397 1702 1420 exercitu
1721 1398 1822 1420 contra
1842 1397 1933 1420 Mont.
1959 1398 2019 1421 erat

185 1436 249 1460 S—
267 1443 305 1467 13.
326 1436 418 1467 ipsum
439 1436 585 1460 dominum
606 1437 735 1460 Iacobum
759 1437 781 1460 S
799 1449 806 1454 ·
827 1437 914 1460 acciri
936 1437 958 1461 8
976 1451 1006 1454 —-
1031 1444 1069 1468 14.
1089 1436 1181 1460 Padue
1201 1437 1290 1460 civem
1314 1437 1336 1460 S

269 1531 275 1546 ⁴
308 1534 449 1562 Rotam»,

183 1575 196 1588 “
208 1578 310 1600 reversi
323 1593 346 1607 „.

268 1617 279 1634 ⁴³
298 1619 483 1647 RorlANmNQ
498 1618 544 1649 IV,
567 1626 595 1649 5:
618 1619 698 1643 “Ivit
713 1620 838 1643 Mai-chio
854 1627 902 1652 per
922 1620 1010 1651 ripam
1027 1620 1072 1642 flu-

183 1662 294 1685 “minis
314 1669 410 1685 versus
424 1662 625 1686 Montissilicis
646 1664 765 1685 castrum
779 1679 802 1693 „.
843 1662 918 1686 “Hic
939 1664 979 1686 est
1000 1662 1073 1686 Mar-

183 1704 316 1728 “chio...
329 1722 334 1727 .
354 1711 402 1735 per
421 1705 526 1727 bonurn
547 1705 722 1728 dextrarium
750 1705 860 1728 (lelatus
882 1705 915 1727 ad
938 1705 986 1727 Est
998 1721 1019 1733 „.

268 1744 279 1759 3
299 1746 337 1769 La
359 1747 465 1770 notizia
487 1747 559 1770 sulla
575 1747 718 1778 prigionia
739 1747 767 1770 di
790 1747 895 1778 [acopo
917 1748 944 1769 in
967 1746 1072 1769 Rolan-

182 1788 251 1811 dino
271 1787 329 1818 (IV,
350 1787 375 1818 5)
394 1786 408 1811 ὲ
429 1789 520 1811 molto
541 1787 590 1819 piu
610 1789 712 1812 breve:
741 1788 753 1800 ‘¹
766 1788 874 1819 Captus
895 1790 935 1811 est
955 1788 1073 1811 Iacobus

185 1830 241 1854 “de
261 1828 395 1853 Carraria
415 1837 430 1853 a
451 1830 561 1854 milicia
581 1830 827 1854 Theutonicoruni
857 1831 883 1853 in
910 1831 971 1861 ipsa
992 1830 1073 1861 Agna

184 1870 236 1895 “et
254 1872 368 1902 quidam
388 1871 439 1895 alii
461 1879 521 1894 cum
549 1873 611 1902 ipso
637 1872 732 1895 cadem
752 1871 821 1895 hora
847 1874 875 1895 et
902 1872 989 1901 aliqui
1013 1872 1074 1895 sine

185 1913 271 1945 “ipso
285 1931 309 1944 ῃ.

183 1958 283 1980 nostro
309 1958 417 1984 autore,
443 1963 457 1979 e
482 1957 532 1979 che
555 1964 611 1979 non
638 1957 660 1980 si
689 1957 823 1980 incontra
848 1957 878 1980 in
900 1957 1074 1985 Rolanclino,

184 1997 211 2020 fa
231 2005 348 2029 pensare
367 1999 444 2021 certo
464 2006 479 2020 a
499 1998 616 2028 qualche
637 1998 709 2021 altra
731 1998 817 2027 fonte,
832 1998 882 2021 che
903 2005 958 2020 non
979 1996 993 2021 ὲ
1009 1998 1074 2020 (lato

184 2040 332 2071 precisare,
352 2039 476 2063 secondo
492 2040 517 2063 la
532 2040 614 2070 quale
629 2040 657 2063 fu
680 2041 821 2071 integrata
836 2041 860 2063 la
877 2040 984 2063 notizia
1001 2040 1075 2063 ‹lclla

186 2083 252 2113 fuga
271 2089 285 2105 e
304 2082 479 2106 dell'arresto
500 2083 544 2106 del
565 2082 723 2111 Carrarese,
745 2083 771 2106 la
791 2083 873 2113 quale
888 2083 911 2105 si
927 2082 1074 2105 alloniana

184 2124 398 2148 sensibilmente
424 2124 470 2148 dal
495 2126 569 2148 testo
597 2124 810 2155 rolandiniano,
837 2123 937 2155 poicli'c
965 2132 1020 2147 non
1045 2125 1074 2147 in

481 1534 527 1562 IV,
560 1539 584 1564 5.
623 1534 740 1565 “Tergo
769 1534 846 1562 dato,
879 1535 976 1558 subito
1003 1536 1068 1558 sunt

346 1913 386 1937 La
407 1914 645 1938 determinazione
665 1914 849 1943 cronologica
869 1914 1006 1945 aggiunta
1027 1915 1073 1938 dal

184 2165 276 2198 Agna,
291 2173 370 2189 come
388 2166 449 2190 dice
471 2166 636 2190 Rolandino
653 2167 675 2195 (J
692 2167 720 2189 in
738 2168 796 2197 ipsa
812 2167 894 2198 Agna
910 2167 943 2195 .,),
959 2174 1000 2189 nia
1018 2174 1074 2189 non

184 2208 274 2231 molto
290 2208 371 2239 lungi
391 2208 426 2232 da
444 2208 561 2232 Parlova
580 2209 654 2232 sulla
676 2210 721 2231 via
736 2209 762 2232 (11
779 2209 861 2239 Agna
875 2208 900 2240 (“
913 2209 1075 2231 tendentem

187 2249 200 2262 ‘⁴'
212 2258 308 2274 versus
321 2250 445 2282 Agnaln.
455 2267 461 2274 .
474 2269 478 2274 .
492 2270 497 2274 .
512 2253 553 2274 set
574 2259 630 2274 non
646 2251 730 2281 longe
744 2258 909 2282 progressus¹
923 2250 948 2281 „)
962 2251 1076 2274 sarebbe

184 2294 259 2316 stato
280 2300 361 2324 preso
381 2293 483 2324 Iacopo
504 2293 579 2316 dalle
600 2293 707 2316 milizic
728 2293 865 2317 tedesrhe.
904 2294 924 2316 E
946 2300 1012 2316 vero
1027 2294 1076 2316 che

185 2335 210 2359 Α
230 2335 366 2367 aggiunse
380 2335 408 2358 di
424 2343 473 2359 suo
494 2335 507 2348 “
518 2343 545 2359 se
561 2336 661 2359 videns
675 2343 690 2358 a
706 2336 867 2359 marchione
882 2336 1050 2359 destitutum
1062 2353 1075 2365 „

185 2385 199 2401 e
218 2377 246 2401 la
265 2377 510 2401 determinazione
532 2378 629 2401 “iunii
644 2396 666 2407 υ,
689 2386 730 2401 ma
751 2378 772 2401 il
795 2378 980 2401 fondamento
1001 2378 1076 2401 (lella

186 2421 354 2443 narrazione
376 2427 431 2443 non
445 2418 460 2443 'e
474 2418 570 2451 percio
585 2420 727 2444 dissimile
742 2420 815 2444 nelle
830 2420 909 2444 varie
930 2419 1074 2444 redazioni

186 2461 260 2484 della
280 2469 409 2485 cronaca.

274 2502 285 2517 ⁴
306 2503 493 2531 ΗοῑΑΝυΙΝο,
508 2503 554 2531 IV,
569 2503 601 2526 6:
621 2503 633 2515 ‘⁴
645 2503 787 2527 Reversus
806 2505 848 2527 est
868 2503 1001 2527 Ecelinus
1015 2511 1076 2526 curn

188 2545 202 2558 “
213 2553 312 2577 magna
327 2546 424 2569 leticia
437 2545 560 2569 Paduam
574 2563 595 2576 „.
630 2546 809 2570 L’annalista
824 2548 1078 2569 successivamente

186 2590 290 2612 omette
311 2589 317 2611 i
340 2589 509 2620 particolari
528 2596 612 2620 sopra
631 2589 659 2612 la
679 2590 837 2612 situazione
857 2588 901 2611 del
916 2589 1033 2612 tiranno
1048 2589 1076 2611 in

187 2628 258 2654 citta
277 2631 354 2661 dopo
374 2630 402 2654 la
422 2630 553 2654 sconfxtta
575 2630 619 2654 del
640 2631 790 2660 marchese,
812 2637 860 2662 por
887 2630 1035 2661 ripigliarc
1057 2630 1077 2652 il

186 2674 260 2696 testo
279 2672 492 2701 rolandiuiano‚
513 2681 565 2696 ove
586 2673 695 2696 ritorna
717 2674 737 2696 il
759 2680 840 2696 nome
859 2672 903 2696 del
920 2672 1078 2696 Carrarese.

274 2712 284 2727 ⁵
303 2713 488 2743 Romunmo,
509 2715 554 2743 IV,
575 2714 607 2738 6:
629 2715 640 2726 “
658 2715 737 2738 Tunc
758 2715 900 2746 dompnus
913 2714 1031 2738 Iacobus
1046 2714 1078 2736 de

188 2756 317 2786 “Padua,
347 2757 394 2787 qui
424 2758 522 2788 captus
552 2757 643 2780 suerat
670 2758 696 2780 et
723 2757 814 2780 adhuc
842 2756 1006 2780 morabatur
1033 2755 1079 2778 de-

187 2800 199 2812 ⁴‘
212 2800 317 2828 tentus,
337 2800 443 2822 amicos
469 2799 569 2822 habuit
595 2799 748 2830 dompnum
776 2798 972 2822 Advedudum.
1052 2799 1078 2820 et

191 2840 351 2871 “quosdam
377 2840 450 2864 alios
477 2842 608 2872 potentes
631 2842 657 2864 et
688 2847 804 2871 magnos
834 2841 911 2863 viros
944 2841 971 2863 in
1000 2840 1078 2862 curia

191 2883 203 2895 “
215 2883 332 2915 dompni
346 2882 465 2906 Ecelini.
503 2881 558 2910 Qui
575 2885 688 2914 pactum
703 2883 913 2906 adinvenerunt
927 2881 1003 2912 quod
1018 2882 1078 2913 ipse

191 2924 355 2957 “dompnus
375 2924 492 2948 Iacobus
512 2924 632 2948 ulterius
646 2932 704 2948 esse
719 2925 817 2948 debeat
831 2924 948 2955 dompni
970 2923 1078 2946 Ecclini

191 2966 320 2990 “amicus
340 2968 368 2990 et
386 2968 507 2990 castrum
529 2974 608 2989 suum
629 2967 662 2989 de
682 2967 815 2989 Carraria
836 2967 923 2997 ponat
945 2967 972 2988 in
996 2971 1079 2987 manu

191 3008 204 3020 “
217 3009 368 3041 potestatis
388 3008 482 3032 Padue
501 3010 527 3033 et
547 3009 677 3032 comunis
697 3012 723 3032 et
745 3009 804 3039 ipse
824 3008 988 3031 (limittatur
1008 3007 1079 3030 liber

1127 1535 1138 1546 “
1150 1535 1182 1558 ed
1198 1536 1352 1559 absolutus.
1392 1534 1477 1562 Quod
1494 1537 1552 1568 ipse
1568 1536 1708 1567 dompnus
1719 1536 1836 1560 Iacobus
1850 1536 2018 1560 voluntarie

1128 1577 1221 1600 “fecit
1249 1580 1275 1600 et
1304 1579 1384 1601 stetit
1406 1585 1420 1601 a
1447 1578 1530 1601 morlo
1552 1580 1582 1601 in
1612 1580 1690 1609 parte
1719 1579 1837 1610 dompni
1871 1579 2018 1609 Ecelini„.

1128 1619 1308 1643 Certanwnte
1322 1620 1341 1642 il
1360 1620 1372 1632 “
1386 1620 1570 1650 voluntarie„
1585 1621 1612 1643 di
1627 1620 1801 1651 Rohmdino,
1824 1621 1899 1652 (lopo
1911 1622 2018 1652 quanto

1128 1669 1197 1685 ave-a
1224 1663 1303 1685 detto
1330 1662 1592 1693 precedentemente
1617 1663 1690 1685 sulle
1710 1665 1788 1691 gesta
1810 1663 1852 1685 (lei
1875 1670 1924 1686 suo
1945 1670 2018 1692 eroe,

1130 1711 1186 1727 non
1208 1704 1322 1727 dovette
1348 1706 1425 1727 certo
1451 1706 1620 1728 convincere
1647 1705 1675 1727 1ο
1703 1706 1810 1728 storico
1839 1705 1913 1728 della
1941 1708 2017 1728 corte

1128 1753 1275 1774 ‹rarrarcso‚
1296 1754 1374 1769 come
1403 1747 1476 1770 forse
1505 1755 1560 1770 non
1587 1747 1727 1770 convince
1755 1748 1812 1773 noi,
1832 1754 1846 1770 e
1867 1754 1915 1778 per
1936 1747 2020 1771 felice

1129 1789 1295 1817 intuizione,
1315 1787 1447 1811 modim-‹T›
1468 1789 1488 1812 il
1510 1790 1669 1811 commento
1690 1789 1717 1812 ai
1738 1789 1810 1820 patti
1831 1789 1960 1820 stipulati
1977 1790 2019 1812 fra

1129 1830 1231 1861 Iacopo
1251 1831 1283 1856 ed
1305 1830 1449 1859 Ezzelino,
1470 1831 1608 1854 trascritti
1631 1832 1668 1854 ml
1685 1832 1806 1856 litteram
1827 1831 1873 1854 dal
1894 1833 1969 1854 testo
1989 1831 2017 1854 di

1129 1871 1303 1899 Rolandino,
1322 1879 1375 1895 con
1403 1872 1519 1903 miglior
1542 1879 1626 1895 senso
1651 1874 1766 1901 storiro,
1788 1873 1972 1896 sostitucndo
1992 1873 2019 1896 al

1131 1914 1142 1925 ‘⁴
1156 1914 1317 1937 voluntarie
1330 1933 1341 1943 Π
1357 1914 1452 1937 l’altra
1467 1911 1516 1946 piu
1531 1913 1724 1945 significativa
1740 1915 1917 1945 espressione
1933 1914 1945 1925 ¹¹
1959 1922 2020 1938 cum

1131 1956 1144 1968 ⁴¹
1161 1957 1250 1980 facere
1270 1957 1352 1979 aliter
1373 1964 1430 1979 non
1452 1958 1572 1987 posset„
1591 1964 1604 1979 e
1620 1957 1818 1987 restringendo
1834 1957 1916 1980 nell‘⁴‘
1929 1957 2020 1980 adim-

1130 1998 1273 2029 “plevit„
1303 2000 1409 2028 quanto
1434 1996 1484 2029 piu
1510 1999 1684 2029 iargamente
1708 1999 1825 2021 intende
1852 1999 2019 2022 Rolandino

1130 2040 1202 2063 colle
1222 2040 1319 2071 parole
1342 2040 1391 2063 “et
1419 2041 1497 2063 stetit
1524 2048 1539 2063 a
1559 2040 1644 2063 modo
1668 2041 1695 2063 in
1717 2042 1795 2072 parte
1817 2041 1933 2072 dompni
1955 2041 2021 2064 Ece-

1132 2082 1210 2105 “lini
1224 2099 1247 2112 „.

1218 2122 1228 2137 ὅ
1250 2115 1269 2147 Ιῖ
1289 2125 1431 2147 riassunto
1452 2125 1525 2147 assai
1548 2125 1726 2147 brevcmentc
1749 2124 1768 2147 il
1783 2126 1920 2148 racconto
1940 2125 2022 2156 piut—

1131 2168 1208 2190 tosto
1229 2168 1323 2197 ampin
1344 2166 1373 2189 di
1394 2165 1585 2194 RoLmexo,
1605 2165 1651 2191 IV,
1672 2166 1696 2189 6.

1219 2206 1229 2221 '⁷
1248 2208 1433 2237 Rormnmo,
1454 2207 1501 2235 IV,
1523 2207 1552 2230 6:
1577 2208 1755 2232 “crudelitas
1770 2208 1888 2235 Ecelini,
1909 2209 2021 2231 vreden-

1131 2249 1143 2261 u
1156 2251 1193 2273 tis
1213 2250 1287 2280 quod
1310 2252 1423 2281 propter
1438 2250 1581 2273 hortatum
1597 2251 1761 2281 aliquorum
1776 2251 1808 2273 dc
1828 2251 1955 2274 exercitu
1975 2251 2022 2273 1111

1133 2292 1144 2303 *·’
1157 2293 1189 2315 (le
1210 2292 1403 2323 Montagnana
1417 2292 1572 2315 existerent
1587 2294 1777 2316 contumaces.
1815 2293 1883 2325 Sepe
1899 2300 2020 2323 namque

1131 2334 1297 2357 “subintrat
1318 2334 1542 2365 81151)icio,unde
1554 2335 1636 2357 cessit
1648 2334 1750 2358 fiducia
1765 2336 1792 2358 et
1806 2343 1884 2358 amor
1897 2352 1918 2364 „.
1957 2334 2019 2358 Poi-

1131 2376 1180 2399 clic
1202 2377 1295 2399 subito
1315 2376 1388 2407 dopo
1409 2377 1433 2399 si
1454 2376 1533 2408 parla
1564 2376 1592 2399 di
1623 2377 1727 2408 Iacopo
1757 2377 1791 2400 da
1813 2376 1936 2400 Carrara
1958 2384 1970 2399 e
1991 2377 2019 2400 di

1131 2419 1259 2442 Avezuto
1280 2418 1354 2449 degli
1377 2419 1528 2445 Avvocati,
1555 2417 1721 2442 l'annalista
1742 2419 1777 2442 ha
1799 2420 1944 2442 ravvisato
1966 2419 2022 2442 nel-

1131 2460 1337 2490 l'*¹aliqu‹)run1
1358 2461 1508 2489 exercitu„
1529 2460 1555 2482 (11
1584 2460 1750 2483 Rolandino
1777 2459 1974 2483 un'allusione
1993 2460 2020 2484 al

1132 2503 1288 2526 Carrarese.

1221 2541 1231 2557 ’3
1251 2543 1417 2566 Rolandino
1438 2542 1496 2574 (IV,
1516 2542 1543 2574 6)
1558 2550 1645 2567 aveva
1662 2545 1733 2567 fatto
1748 2544 1770 2567 il
1786 2551 1867 2567 nome
1882 2544 2020 2567 ch'Ave·

1133 2588 1198 2610 zuto
1224 2583 1273 2618 piu
1294 2593 1333 2612 su,
1361 2586 1603 2609 menzionandolo
1631 2586 1882 2618 particolarniente
1910 2586 1951 2609 fra
1980 2587 2022 2618 gli

1132 2628 1217 2652 amici
1238 2628 1280 2651 del
1308 2626 1470 2651 Carrarese:
1497 2627 1524 2650 (11
1546 2625 1574 2651 la
1600 2628 1673 2651 tolse
1693 2628 1719 2651 le
1747 2628 1808 2652 lodi
1834 2630 1881 2659 qui
1903 2628 2021 2660 risserite,

1132 2670 1349 2702 aggiungendo:
1373 2671 1443 2700 “qui
1464 2669 1655 2700 (Advedulus)
1670 2671 1700 2694 in
1721 2671 1852 2694 omnibus
1872 2673 2022 2694 consenta-

1134 2713 1225 2735 “neus
1244 2714 1303 2735 erat
1324 2711 1467 2735 voluntati
1489 2712 1599 2735 domini
1622 2713 1715 2735 Iacohi
1737 2714 1764 2736 et
1784 2714 1873 2736 eciam
1887 2712 1941 2735 sibi
1961 2720 2023 2743 ger—

1329 2753 1398 2776 Tale
1428 2754 1539 2777 notizia
1577 2754 1802 2778 evidentemente
1841 2754 1959 2778 desunse
1988 2754 2022 2778 (la

1133 2798 1239 2827 quanto
1261 2803 1341 2818 narra
1363 2793 1412 2826 piu
1433 2802 1517 2827 sopra
1538 2796 1705 2820 Rolancuno
1726 2797 1957 2820 <lell’intervcnto
1972 2804 2022 2820 suo

1133 2840 1162 2862 in
1186 2839 1281 2861 favore
1301 2838 1328 2860 (11
1350 2838 1453 2868 Iacopo
1480 2838 1506 2860 al
1533 2840 1676 2862 momento
1701 2839 1776 2862 della
1802 2838 1958 2869 prigionia,
1978 2846 2022 2862 ma

1134 2882 1277 2904 l'acccnno
1291 2880 1317 2903 al
1333 2880 1448 2902 vincolo
1464 2880 1491 2902 di
1508 2881 1652 2911 parentela
1666 2880 1680 2904 ὲ
1695 2881 1837 2911 originale
1851 2880 1927 2904 [lello
1942 2882 2022 2904 scrit-

1135 2755 1147 2766 “
1161 2762 1257 2777 manus
1268 2770 1290 2783 „-

1133 2925 1204 2951 tore,
1226 2922 1245 2944 il
1265 2922 1346 2952 quale
1367 2928 1411 2944 era
1432 2922 1561 2945 studioso
1583 2922 1658 2946 della
1677 2923 1845 2953 genealogia
1864 2929 2021 2946 carrarese:

1134 2966 1210 2987 certo
1232 2965 1258 2986 in
1289 2963 1454 2986 Rolantlino
1482 2971 1536 2986 non
1566 2971 1593 2986 se
1621 2971 1653 2987 ne
1679 2964 1767 2996 pai-la,
1795 2963 1827 2987 ηὲ
1854 2963 1909 2995 pub
1934 2971 2022 2987 essere

1134 3007 1239 3037 meglio
1259 3006 1411 3036 precis-ato.

2047 1626 2078 1651 45

2047 1839 2082 1864 50

2050 2047 2080 2072 55

2050 2254 2084 2277 60

2052 2680 2084 2705 70
