2422 3684
434 191 480 231 72
806 191 976 228 GESTA
1003 192 1304 229 MAGNIFICA
1333 193 1518 229 DOMUS
1549 194 1938 249 CARRARIENSIS

441 269 2255 280 ..................................................................................................................................................................................................
2257 273 2271 280 η

750 327 889 360 REDAZ.
914 326 945 358 A

431 400 707 443 cognominatum
726 400 769 432 de
787 401 889 433 domo
902 400 1026 441 Campi
1041 399 1155 432 Sancti
1168 400 1273 438 Petri,

431 454 697 496 Vinciguerram
715 454 758 485 de
776 454 981 496 Conighmo,
998 454 1138 485 Pulcem
1155 454 1275 494 appel-

432 507 551 545 latum,
585 507 802 539 Albertinum
836 508 878 539 de
910 507 1055 550 Peraga,
1087 513 1121 539 et
1153 507 1273 539 ultimo

431 571 547 593 senem
572 562 772 606 [jordanum
796 562 839 592 de
863 561 1026 603 Forcate3
1055 561 1098 592 de
1129 571 1274 603 quorum

435 614 562 647 milicia
584 625 709 657 magna
734 615 798 646 fuit
821 614 940 646 Padue
972 614 1142 647 festivitas
1171 619 1205 646 et
1227 614 1276 646 le-

431 668 523 700 ticia.

526 776 597 808 199.
623 795 664 799 —
688 777 821 809 Eodem
847 786 948 813 anno,
973 781 1048 807 orto
1065 774 1208 807 dissidio
1224 775 1277 806 in-

431 835 485 861 ter
497 829 764 872 Aquilegensem
783 829 1017 870 patriarcham
1035 834 1133 870 parte
1151 838 1193 860 ex
1210 839 1276 861 una

433 889 467 914 et
492 882 631 914 Gurieie
657 884 817 915 comitem
842 890 941 923 parte
967 893 1010 915 ex
1035 881 1178 918 altera¹‚
1203 881 1275 913 bel-

432 936 501 967 lum
517 936 653 977 utrique
670 942 813 977 paratur
830 936 981 977 alterque
997 935 1135 967 summis
1147 935 1277 966 viribus

433 990 476 1020 ad
495 990 618 1020 damna
636 989 777 1021 alterius
793 989 926 1020 insistit.
960 987 1029 1026 Qui
1046 994 1160 1020 tamen
1176 988 1276 1020 ambo

432 1054 452 1073 a
475 1043 657 1078 magnifico
682 1043 821 1074 domino
845 1042 1031 1074 Francisco
1057 1043 1099 1074 de.
1117 1041 1277 1073 Carraria

433 1097 628 1131 convocati,
654 1095 821 1137 depositis
843 1096 955 1131 armis,
982 1096 1131 1127 Paduam
1151 1105 1279 1126 conve-

434 1149 678 1191 niunt‚sicque
703 1150 745 1180 ab
770 1155 915 1190 utroque
940 1150 982 1180 ad
1000 1149 1190 1180 sedandum
1208 1148 1277 1179 dis-

434 1202 556 1233 sidium
581 1213 681 1233 omne
705 1203 797 1234 idem
822 1203 981 1234 dominus
999 1201 1206 1233 Franciscus
1223 1212 1278 1232 ar-

434 1255 522 1287 biter
547 1255 694 1295 eligitur.
736 1255 817 1293 Qui,
834 1255 916 1287 licet
933 1255 1023 1286 inter
1040 1265 1097 1286 eos
1114 1264 1176 1295 pro
1194 1259 1277 1285 tunc

433 1318 500 1340 non
527 1309 679 1349 potuerit
701 1319 821 1349 pacem
848 1318 1022 1349 apponere
1045 1312 1276 1339 recesserunt-

434 1372 500 1402 que
536 1361 724 1399 discordes,
757 1368 871 1393 tamen
904 1373 945 1392 ex
977 1361 1043 1393 hoc
1074 1371 1094 1391 a
1129 1365 1277 1392 tractatu

436 1415 617 1446 concordii
641 1426 709 1446 non
735 1415 879 1452 vacavit,
897 1415 1083 1456 quinimmo
1100 1425 1163 1455 per
1186 1413 1279 1453 lega-

434 1474 485 1499 tos
508 1478 587 1498 suos
610 1474 677 1499 tam
705 1473 867 1499 accurate
892 1473 926 1498 et
942 1467 1123 1509 vigilanter
1147 1465 1278 1502 institit,

436 1521 529 1561 quod
554 1522 691 1553 tandem
716 1522 806 1552 inter
838 1531 897 1552 eos
929 1520 1152 1553 concordium
1178 1520 1282 1551 inter-

434 1575 551 1616 posuit
584 1582 618 1606 et
653 1585 787 1616 pacem.
834 1575 878 1606 Et
915 1575 1009 1607 fuere
1045 1575 1204 1616 predicta
1235 1574 1277 1606 de

435 1639 550 1660 mense
582 1628 795 1670 septembris.

523 1835 598 1865 200.
614 1853 654 1857 ——
671 1833 803 1866 Eodem
828 1844 929 1866 anno.
945 1833 1068 1864 Petrus
1084 1832 1279 1874 Malepresa

437 1889 480 1919 de
505 1887 611 1925 Luca,
636 1888 773 1919 Nicolai
797 1888 994 1928 patriarche.
1011 1886 1159 1918 vicarius
1177 1896 1281 1920 oene-

435 1941 526 1977 ralis,
550 1947 693 1981 propter
715 1941 821 1971 multa
844 1951 908 1981 per
931 1950 1005 1971 eum
1030 1939 1186 1971 enormia
1202 1950 1281 1980 per-

436 1999 582 2035 petrata,
615 1999 647 2024 et
670 1999 753 2024 tune
776 1994 945 2034 precipue.
976 1998 1120 2033 propter
1144 1992 1281 2032 capcio-

438 2057 515 2078 nem
539 2047 716 2078 cuiusdam
736 2047 922 2081 Nicolucii,
939 2052 1004 2077 tarn
1026 2045 1067 2077 ab
1084 2044 1281 2077 hominibus

437 2100 596 2132 Civitatis
622 2100 759 2131 Austrie
785 2106 991 2131 carceratur.
1039 2098 1105 2130 Rei
1125 2099 1220 2130 cuius
1237 2098 1281 2129 ob

440 2164 576 2185 causam
594 2153 740 2184 lacobus
758 2153 941 2184 Maroelus.
962 2153 1034 2184 eius
1053 2153 1168 2187 frater,
1186 2152 1282 2183 cuius

436 2217 523 2238 uxor
540 2217 638 2238 soror
654 2206 817 2238 naturalis
833 2206 924 2247 repis
940 2211 1013 2236 erat
1034 2206 1280 2242 Romanorum,

437 2264 542 2300 gente
560 2259 707 2299 stipatus
730 2258 873 2289 Utinum
900 2257 1105 2299 ingreditur,
1130 2257 1236 2288 fratre
1262 2267 1281 2287 a

439 2311 637 2343 carceribus
666 2311 884 2347 liberaturus,
909 2310 1128 2352 concilioque
1154 2309 1279 2342 civium

439 2369 645 2401 convocam,
669 2364 791 2405 quibus
816 2364 936 2394 melius
959 2363 1060 2395 scivit
1087 2362 1202 2394 verbis
1218 2372 1280 2404 pro

439 2417 557 2448 fratris
592 2416 749 2448 libertate
785 2427 864 2447 usus
899 2423 960 2447 est.
1003 2415 1073 2447 Sed
1112 2425 1282 2447 memores

438 2470 533 2502 Utini
559 2470 654 2501 cives
677 2469 887 2505 iniuriarum,
912 2479 995 2511 quas
1011 2469 1053 2501 ab
1071 2479 1113 2500 eo
1129 2468 1282 2500 indebite

438 2529 679 2564 perceperant,
705 2522 868 2553 districtis
891 2523 926 2553 in
951 2533 1026 2553 eum
1051 2521 1187 2563 gladiis,
1203 2531 1283 2552 mox

441 2577 551 2617 ipsum
578 2575 796 2607 trucidarunt
809 2575 828 2606 ².
877 2575 985 2606 Paulo
1022 2581 1098 2616 post
1133 2585 1196 2616 per
1225 2574 1284 2606 Ci-

439 2630 648 2660 vidadenses
688 2629 796 2659 frater
836 2628 907 2659 eius
946 2628 1069 2659 Petrus
1107 2627 1284 2659 sentencia

441 2682 606 2723 plectitur
623 2680 774 2722 capitali,
788 2682 913 2723 dignus
926 2681 1009 2713 licet
1021 2691 1111 2722 pena
1124 2680 1284 2723 graviori.

441 2735 494 2766 Ex
517 2745 585 2777 quo
609 2734 706 2766 Utini
729 2740 765 2766 et
788 2733 956 2766 Cividatis
979 2735 1058 2766 loca
1087 2733 1284 2775 patriarche

529 2848 572 2873 32.
592 2841 651 2872 regi
674 2841 712 2864 M
727 2852 758 2857 —-
779 2844 820 2872 35.
839 2842 951 2872 gentem
972 2841 1010 2865 M
1024 2853 1033 2858 -
1054 2840 1169 2864 fratrem
1189 2840 1223 2864 M

531 2952 538 2968 ¹
560 2952 696 2982 CORTUS.y
720 2952 856 2981 Chronica,
876 2952 922 2981 XI,
944 2952 969 2976 ὁ.

1343 875 1379 905 10

1345 1140 1380 1171 15

1341 1408 1382 1437 20

1342 1672 1382 1703 25

1341 1993 1383 2023 30

1343 2257 1383 2288 35

1346 2523 1386 2553 40

1751 329 1893 362 REDAz.
1917 329 1955 362 D

1432 409 1522 437 rore,
1539 399 1695 432 Goielmo
1712 401 1757 432 da
1772 400 1953 443 Brancola,
1971 401 2105 433 chiama
2117 403 2161 434 de
2173 403 2273 445 quilli

1434 452 1478 484 da
1501 453 1820 495 Camposampiero,
1845 454 2075 497 Vinciguerra
2097 454 2142 487 da
2161 456 2274 488 Cone-

1434 505 1525 548 glan,
1548 507 1642 539 dicto
1666 507 1784 550 Falce,
1810 506 1992 540 Albertino
2010 509 2053 540 da
2070 508 2215 552 Peraga,
2240 516 2274 543 et

1435 570 1454 590 a
1468 559 1612 592 l’ultimo
1631 561 1663 592 el
1685 561 1808 593 vechio
1833 561 1973 604 Cordan
1998 561 2156 604 Forcaffie,
2181 564 2275 595 della

1435 613 1648 646 chavallaria
1671 614 1704 646 di
1729 614 1822 656 quali
1847 626 1866 646 a
1890 615 1984 646 Pava
2006 615 2043 646 fo
2068 615 2161 647 facta
2177 626 2274 658 gram

1435 666 1524 699 festa
1545 672 1580 699 et
1606 667 1757 711 legreca.

1526 775 1596 806 199.
1623 793 1663 797 —
1687 775 1755 807 Nel
1780 776 1874 808 dicto
1902 787 2003 816 anno,
2027 777 2151 809 siando
2174 778 2276 810 nassu

1435 827 1611 860 discordia
1635 828 1689 860 fra
1706 828 1737 860 el
1754 829 1951 870 patriarcha
1968 829 2132 871 d'Agoiia
2148 831 2193 862 da
2209 842 2277 862 una

1436 887 1532 922 parte
1559 881 1590 913 el
1615 887 1718 913 conte
1744 883 1786 913 de
1813 882 1943 925 Gorica
1967 882 2011 914 da
2027 882 2140 915 l'altra
2165 890 2276 926 parte,

1437 935 1529 966 l'uno
1554 940 1589 966 et
1612 935 1724 966 l'altro
1755 935 1970 977 s’aparechia
2002 936 2070 967 alla
2093 947 2219 979 guerra
2242 942 2277 968 et

1436 999 1456 1019 a
1478 994 1564 1020 tutta
1587 999 1644 1020 soa
1669 999 1770 1029 possa
1794 988 1897 1021 d'uno
1913 1000 1949 1021 se
1973 989 2089 1032 sforcil
2114 991 2146 1021 ai
2171 990 2276 1022 danni

1436 1043 1479 1073 de
1502 1041 1625 1073 l’altro.
1671 1043 1686 1073 Ι
1711 1042 1800 1084 quali
1826 1043 2023 1083 patriarcha
2050 1049 2084 1074 et
2106 1050 2208 1075 conte
2233 1044 2276 1075 de

1437 1094 1575 1137 Gorica‚
1593 1095 1766 1126 chiamadi
1785 1095 1840 1127 dal
1865 1096 2049 1137 magnifico
2073 1097 2191 1138 signor
2206 1107 2277 1127 me-

1437 1148 1504 1179 sier
1521 1148 1715 1179 Francesco
1729 1158 1792 1189 per
1804 1158 1908 1180 cason
1922 1148 2098 1190 d’acordo,
2115 1149 2278 1182 mectudo

1437 1211 1520 1243 cuso
1543 1202 1576 1232 le
1603 1212 1708 1238 arme,
1739 1207 1774 1233 et
1803 1202 1873 1233 l'un
1906 1208 1939 1233 et
1969 1201 2082 1234 l’altro
2114 1213 2225 1234 venne
2257 1214 2277 1234 a

1436 1254 1540 1292 Pava,
1565 1261 1600 1286 et
1623 1254 1646 1285 11
1670 1265 1732 1297 per
1755 1255 1786 1286 le
1810 1261 1908 1296 parte
1933 1255 1963 1287 el
1983 1256 2076 1288 dicto
2094 1255 2277 1299 magnifico

1436 1308 1562 1339 mesier
1584 1307 1781 1340 Francesco
1799 1308 1834 1339 fo
1851 1308 1964 1340 electo
1983 1308 2113 1341 arbitro
2131 1319 2150 1340 a
2164 1319 2278 1340 remo-

1436 1371 1499 1392 ver
1520 1366 1573 1392 tra
1596 1360 1670 1392 loro
1694 1361 1773 1403 ogni
1800 1361 1975 1393 discordia
1992 1368 2025 1393 et
2042 1373 2198 1394 rancura.
2235 1363 2278 1395 El

1437 1413 1528 1455 qual,
1545 1414 1679 1445 bench&
1697 1414 1804 1446 allora
1821 1425 1864 1447 no
1882 1425 2037 1454 possesse
2053 1421 2183 1447 mecter
2195 1427 2277 1458 pase

1436 1474 1488 1498 tra
1513 1467 1569 1499 elli
1587 1473 1620 1499 et
1638 1468 1702 1499 che
1720 1467 1728 1498 i
1746 1477 1783 1499 se
1799 1468 1934 1509 partissi
1951 1468 1986 1500 in
2004 1468 2190 1506 discordia,
2215 1480 2279 1511 pur

1435 1519 1504 1552 ello
1527 1530 1571 1552 no
1595 1530 1631 1551 se
1648 1521 1736 1561 parti
1753 1520 1810 1553 dal
1826 1525 1938 1552 ‘tracto
1957 1521 2182 1560 dell’acordo‚
2200 1523 2279 1565 anci

1438 1581 1505 1606 con
1521 1584 1557 1606 so
1574 1574 1675 1606 messi
1691 1574 1813 1607 instete
1830 1580 1924 1607 tanto
1941 1581 1975 1607 et
1992 1585 2057 1607 con
2070 1581 2167 1608 tanta
2184 1586 2278 1614 cura,

1438 1627 1503 1659 che
1521 1638 1587 1669 pur
1603 1628 1669 1659 alla
1685 1628 1730 1659 fin
1747 1628 1814 1659 ello
1830 1628 1943 1661 mecte
1960 1628 2113 1662 l'acordo
2139 1631 2192 1661 fra
2209 1630 2279 1676 elli.

1438 1680 1482 1712 Et
1506 1681 1541 1712 fo
1564 1681 1596 1712 le
1621 1681 1769 1723 preditte
1801 1691 1881 1714 cose
1913 1682 1970 1714 del
2002 1693 2094 1715 mese
2125 1683 2168 1715 de
2200 1694 2278 1726 sep-

1437 1734 1583 1767 tembre.

1526 1833 1599 1864 200.
1626 1851 1667 1855 —
1691 1833 1744 1864 En
1771 1833 1849 1875 quel
1882 1843 1984 1870 anno,
2007 1834 2129 1866 siando
2153 1835 2279 1867 mesier

1440 1885 1575 1925 Nicon),
1591 1885 1788 1926 patriarcha
1805 1886 1980 1928 d’Agoiia,
1996 1887 2028 1917 in
2047 1887 2079 1918 le
2092 1893 2185 1920 terre
2200 1888 2280 1921 Fel-

1439 1945 1490 1970 tre
1516 1944 1550 1970 et
1573 1937 1700 1970 Civida
1723 1939 1766 1970 de
1790 1938 1924 1976 Bellum
1949 1940 1957 1969 i
1983 1941 2076 1980 quali
2102 1941 2194 1982 luogi
2210 1942 2279 1974 ello

1438 2003 1542 2033 regea
1566 2003 1629 2033 per
1653 1991 1883 2033 l'imperador,
1906 2003 1943 2023 so
1968 1993 2067 2030 frelo,
2085 1995 2212 2026 mesier
2226 1995 2279 2027 Ia-

1440 2055 1540 2076 como
1564 2045 1734 2077 Maroello
1758 2050 1793 2076 et
1816 2045 1928 2082 Piero,
1953 2056 1989 2077 so
2018 2046 2119 2084 frelo,
2145 2047 2179 2079 di
2203 2048 2279 2080 Ma-

1438 2098 1564 2138 lapresi
1589 2098 1633 2129 da
1656 2098 1787 2134 Lucha‚
1812 2098 1935 2130 factori
1962 2099 2018 2130 del
2044 2100 2139 2132 dicto
2156 2101 2281 2133 mesier

1441 2152 1472 2184 10
1489 2152 1697 2192 patriarcha,
1716 2152 1751 2184 fo
1767 2152 1866 2184 morti
1885 2153 1940 2185 dai
1955 2153 2106 2191 Furiam,
2120 2161 2153 2186 et
2170 2155 2280 2186 revel-

1440 2205 1472 2236 Ῑὸ
1489 2204 1519 2234 31
1538 2203 1632 2235 dicto
1649 2205 1850 2245 patriarcha
1868 2205 2002 2246 Udene‚
2021 2205 2136 2239 Sacile
2154 2213 2188 2238 et
2202 2207 2280 2239 altri

1440 2257 1556 2299 plusor
1580 2257 1722 2289 castelli.
1764 2257 1832 2289 Per
1857 2258 1889 2289 la
1913 2259 2077 2300 qualcosa
2101 2259 2132 2291 el
2149 2260 2280 2303 magni-

1440 2311 1506 2342 fico
1528 2310 1645 2353 signor
1674 2311 1798 2343 mesier
1822 2310 2018 2343 Francesco
2054 2313 2098 2344 da
2132 2312 2280 2346 Carrara

1440 2364 1566 2395 mando
1591 2363 1623 2395 al
1653 2364 1850 2395 sovradicto
1874 2364 1998 2396 mesier
2024 2365 2058 2397 lo
2081 2366 2281 2407 patriarcha

1441 2415 1566 2448 homini
1590 2416 1776 2458 cinquanta
1795 2417 1838 2448 da
1855 2417 2001 2455 cavallo,
2020 2423 2054 2449 et
2069 2419 2220 2459 procurb
2237 2420 2281 2452 de

1439 2475 1568 2502 tractar
1591 2468 1756 2500 d'acordo
1780 2469 1858 2510 trsa]
1882 2470 1982 2501 ambe
2010 2476 2120 2512 parte,
2144 2472 2177 2504 el
2200 2471 2282 2514 qual

1441 2523 1508 2554 alle
1532 2523 1577 2553 fin
1601 2522 1668 2553 ello
1693 2521 1853 2554 obtenne.
1900 2523 1945 2554 Et
1961 2523 2032 2555 cosi
2049 2534 2112 2565 per
2128 2524 2281 2556 trattado

1443 2574 1498 2606 del
1535 2575 1607 2606 dito
1641 2574 1825 2617 magnifico
1859 2575 1975 2607 misier
2014 2577 2210 2609 Francesco
2249 2577 2282 2609 el

1443 2627 1539 2658 dicto
1556 2626 1755 2668 patriarcha
1777 2627 2041 2669 pacificamente
2066 2629 2155 2660 intro
2179 2629 2214 2660 in
2231 2629 2282 2662 U-

1443 2681 1544 2717 dene,
1563 2680 1658 2711 facta
1682 2680 1713 2710 la
1737 2690 1818 2721 pase
1843 2690 1908 2712 con
1933 2680 1943 2710 i
1968 2681 2120 2721 Furlani,
2143 2681 2280 2714 benche

1442 2733 1552 2775 prima
1574 2732 1681 2775 perch
1706 2733 1853 2774 passado
1876 2732 2001 2765 l’anno.

1474 2947 1485 2964 ²
1504 2948 1550 2973 Cf.
1571 2949 1706 2978 Coarus..
1729 2949 1868 2978 chronica,
1887 2949 1934 2980 XI,
1954 2949 1978 2975 6.
