2422 3684
811 224 1314 276 GESTAsiMAGNlFICA
1342 225 1526 262 DOMUS
1555 223 1940 262 CARRARIENSIS

429 358 584 390 ferentes
597 357 617 396 ¹,
641 363 675 390 et
699 358 864 399 precipue
889 359 982 401 quod
1007 357 1181 400 predicti²
1205 357 1374 400 ignobiles
1398 358 1441 389 de
1464 358 1549 399 ipsis
1573 358 1606 388 in
1631 358 1751 390 abdito
1776 357 2064 400 obloquebantur,
2089 363 2123 389 et
2146 367 2206 389 eos
2227 357 2262 389 in

428 411 549 453 vulgus
573 411 799 447 detestabant,
823 421 945 453 graves
968 410 1159 452 reipublice
1187 411 1280 452 ipsos
1311 411 1389 442 fore
1420 411 1651 452 predicantes,
1683 421 1726 442 ex
1754 411 1998 453 insignioribus
2029 411 2179 442 civitatis
2209 411 2260 442 sui

428 464 599 496 consorcii
627 463 807 496 iuvenibus
839 463 1098 506 quampluribus
1133 463 1264 496 accitis.
1313 464 1535 496 Factionibus
1566 463 1700 504 [horum
1730 464 1934 506 ignobilium
1965 464 2100 496 obstare
2132 463 2262 496 consti-

428 523 577 556 tuerunt,
601 529 746 559 quorum
770 518 897 558 autem]
922 517 1122 560 ignobilium
1148 518 1236 549 alter
1258 517 1498 548 nominabatur
1513 517 1637 549 Petrus
1654 518 1697 548 de
1714 517 1894 549 Alticlinio
1908 516 1930 548 ⁸.
1965 517 2057 549 Huic
2074 523 2142 548 tres
2165 522 2263 548 erant

428 571 487 602 filii
501 571 522 607 ⁴,
546 581 690 613 quorum
716 571 817 611 primi
834 581 961 602 nomen
977 571 1099 613 ignoro
1113 571 1134 611 ⁵,
1158 576 1221 608 set,
1244 570 1487 612 quodcumque
1505 571 1609 607 roret,
1627 570 1813 611 prioratum
1838 571 2011 612 quendam
2028 569 2169 602 simonia
2186 571 2262 600 fue-
2277 569 2296 600 5

428 629 481 654 rat
504 624 663 665 adeptus.
711 623 892 656 Secundus
917 623 1004 654 filius
1028 624 1151 661 Fraxa,
1176 623 1303 655 tercius
1326 622 1450 655 Pasius
1476 622 1693 655 vocabaturss.
1740 623 1809 654 Hic
1833 623 1956 654 Petrus
1989 623 2032 653 de
2055 621 2261 654 Alticlinio⁷

429 676 479 706 vir
504 682 578 708 erat
602 676 806 708 causidicus.
854 676 916 707 Cui
943 687 986 708 ex
1015 676 1121 718 longo
1153 676 1274 707 tenore
1298 686 1401 717 opum
1432 675 1616 707 affluencia
1647 681 1722 706 erat
1749 675 1785 706 in
1817 676 2008 717 quantitate
2041 676 2262 718 permaxima,

428 729 514 760 adeo
548 736 581 760 ut
605 741 666 771 per
691 729 853 761 nobilium
880 730 1001 760 domos
1024 730 1111 761 filias
1136 730 1396 770 opulentissime
1427 729 1632 766 maritasset,
1663 728 1739 760 filiis
1770 727 1876 760 vero⁶
1907 734 2037 771 quanto
2068 729 2263 760 enormiora

428 782 545 814 forent
568 783 713 819 scelera,
738 789 834 814 tanto
858 782 1019 814 licentius
1044 783 1250 814 videbantur
1274 783 1504 814 conmitenda.
1551 781 1689 823 Stupra,
1714 781 1921 819 sediciones,
1945 782 2146 819 homicidia,
2174 782 2263 823 rapi-

427 847 487 867 nas
509 842 544 867 et
569 836 718 867 cuiusvis
734 836 874 878 generis
898 836 1037 878 flagicia
1060 836 1095 866 in
1113 836 1290 877 voluptate
1315 846 1445 867 summa
1467 835 1653 877 ponebant.
1700 835 1795 867 Patri
1819 835 1983 877 gaudium
2008 842 2081 867 erat
2104 835 2264 867 facinora
2290 836 2328 867 10

427 889 593 931 obtegere
618 889 764 921 filiorum
789 900 866 920 cum
890 890 1021 921 eisdem
1047 890 1090 921 de
1116 890 1219 921 lucris
1242 890 1434 921 inhonestis
1456 889 1691 931 participanti.
1736 888 1891 920 Maiores
1921 888 2015 920 urbis
2046 889 2198 920 honores
2230 893 2264 920 et

425 943 642 985 magistratus
666 943 797 984 patrios
820 953 956 984 semper
982 942 1188 985 occupabat,
1212 943 1387 974 amicicias
1410 943 1570 984 captabat
1587 949 1620 974 et
1636 941 1828 983 reipublice
1851 942 1992 973 iacturis
2009 942 2167 984 augebat.
2205 941 2263 973 Ad

426 997 492 1027 hoc
516 996 614 1036 plebs
649 1002 774 1037 patava
796 997 886 1027 adeo
910 1002 1118 1037 pervenerat
1134 995 1302 1033 cecitatis,
1319 996 1412 1037 quod
1436 997 1471 1026 in
1491 995 1681 1037 predictum
1699 995 1839 1027 Petrum
1858 995 1899 1026 de
1917 994 2098 1026 Alticlinio
2123 1000 2157 1026 et
2182 1004 2264 1026 con-

424 1048 549 1086 socios,
573 1048 738 1090 quoniam
761 1059 796 1080 se
821 1049 928 1090 partis
951 1048 1094 1090 gu[e]lfe
1119 1048 1322 1080 defensores
1346 1048 1556 1086 asserebant,
1580 1048 1679 1089 plebs
1701 1049 1777 1089 ipsa
1800 1053 1923 1079 cuntos
1945 1047 2164 1090 magistratus
2181 1057 2264 1079 con-

426 1102 559 1133 ferebat
584 1108 619 1133 et
643 1102 811 1138 honores;
835 1102 956 1143 sicque
981 1108 1015 1132 et
1039 1102 1164 1133 Petrus
1182 1102 1252 1143 ipse
1269 1108 1302 1133 et
1319 1101 1486 1138 consocii,
1510 1101 1566 1143 qui
1584 1101 1688 1142 pauci
1704 1107 1812 1138 erant,
1828 1110 1869 1132 ex
1886 1101 2035 1132 licencia
2050 1100 2135 1142 ipsis
2158 1100 2263 1132 actri-
2289 1100 2326 1132 15

427 1154 518 1191 buta,
543 1156 603 1185 sed
628 1165 648 1184 a
672 1165 707 1184 se
731 1155 837 1185 multo
862 1156 970 1196 magis
995 1162 1179 1195 assumpta,
1205 1165 1271 1186 non
1303 1155 1526 1185 mediocriter
1550 1155 1584 1184 in
1616 1153 1779 1195 superbia
1810 1154 1901 1190 elati,
1936 1153 2102 1185 bonorum
2134 1154 2262 1185 civium

424 1207 647 1239 universitate
681 1208 853 1249 neglecta,
887 1209 929 1239 de
961 1208 1106 1247 singulis
1130 1207 1319 1248 reipublice
1344 1206 1640 1238 vicissitudinibus
1663 1207 1761 1249 quasi
1784 1207 1914 1238 domini
1939 1217 2001 1247 pro
2027 1206 2124 1238 libito
2149 1206 2264 1248 dispo-

610 1260 739 1292 Contra
763 1271 849 1302 quos
873 1261 901 1291 si
925 1271 1004 1301 pars
1027 1261 1150 1292 studiis
1182 1261 1378 1291 melioribus
1402 1260 1535 1291 intenta
1557 1261 1648 1292 forte
1673 1260 1920 1297 contendisset,
1944 1260 2094 1301 ipsorum
2126 1260 2264 1301 penitus

425 1314 650 1355 spernebatur
675 1314 823 1344 auduus.
871 1314 923 1344 lix
948 1315 1012 1345 hoc
1040 1313 1206 1344 bonorun1
1241 1314 1366 1345 ebduni
1399 1313 1621 1354 quanqssures
1651 1313 1696 1344 ad
1728 1312 1918 1354 reipubHce
1951 1313 2133 1344 conunoda
2165 1314 2262 1354 quasi

425 1367 574 1408 suspecti
601 1377 671 1397 rem
697 1367 805 1407 ipsam
830 1366 1017 1398 destituere
1041 1368 1130 1397 ultro
1164 1367 1207 1398 ad
1239 1368 1314 1398 ocia
1345 1367 1515 1398 conversi.
1560 1367 1645 1398 Erat
1676 1372 1786 1398 autem
1818 1366 1884 1406 ipsi
1915 1365 2045 1397 Petr0⁹
2080 1367 2261 1398 consocius

425 1420 594 1451 Ronchus
618 1419 812 1460 Agolantis,
839 1420 889 1450 vir
913 1430 982 1451 non
1006 1420 1114 1451 solum
1139 1431 1181 1450 ex
1205 1420 1362 1457 obscuro,
1380 1419 1441 1450 sed
1465 1429 1507 1451 ex
1524 1419 1666 1450 sordido
1687 1430 1814 1461 genere
1838 1426 1946 1460 natus,
1969 1419 2198 1460 importabilis
2221 1430 2262 1452 ac

424 1483 601 1515 arrogans,
625 1473 786 1514 predives
811 1474 934 1504 fenore
960 1480 1115 1514 paterno,
1149 1473 1202 1504 cui
1230 1484 1306 1504 cum
1331 1472 1435 1504 Petro
1470 1472 1639 1504 Alticlinii
1671 1472 1759 1504 idem
1794 1472 1859 1503 fuit
1889 1473 2022 1504 animus
2053 1479 2087 1504 et
2114 1472 2261 1504 filiorum

424 1537 511 1568 eque
537 1525 673 1557 soboles
697 1526 823 1567 iniqua.
871 1526 1005 1557 Primus
1031 1527 1167 1557 nomine
1194 1525 1352 1563 Vereins,
1376 1526 1447 1557 suis
1471 1526 1581 1556 fidens
1599 1525 1730 1557 viribus
1746 1535 1787 1557 ac
1806 1525 1938 1567 opibus,
1961 1525 2146 1567 insignium
2170 1526 2261 1557 viro-

424 1590 499 1610 rum
522 1579 779 1621 magnitudines
804 1579 1012 1610 ambiciosus
1043 1578 1306 1620 aspernebatur,
1339 1579 1433 1610 nulla
1464 1579 1711 1620 equanimitate
1742 1584 1937 1616 contentus,
1967 1579 2003 1610 in
2033 1578 2117 1610 urbe
2149 1579 2262 1610 timeri

424 1633 554 1663 malens
577 1642 679 1673 quam
703 1631 812 1673 diligi.
858 1632 1012 1673 Stipatus
1036 1643 1116 1673 sepe
1142 1632 1333 1663 consorciis
1350 1631 1593 1663 sceleratorum
1613 1632 1753 1663 miseros
1772 1631 1904 1663 rurales
1926 1632 2024 1663 falsis
2044 1632 2263 1664 criminacio-
2285 1633 2326 1664 25

425 1686 524 1717 nibus
549 1685 702 1721 arcebat,
725 1685 924 1716 vulneribus
947 1685 1155 1726 impetebat:
1181 1685 1216 1715 in
1242 1686 1382 1717 civitate
1408 1684 1534 1717 civium
1568 1694 1704 1723 uxores,
1727 1685 1888 1726 virgines,
1920 1685 2039 1716 viduas
2069 1686 2114 1716 ad
2145 1680 2263 1727 stupra

423 1739 629 1770 solicitabat.
678 1738 776 1770 Alter
801 1739 901 1776 lilius,
927 1739 1063 1770 nomine
1083 1739 1259 1777 Vivianus,
1277 1738 1329 1770 vir
1345 1748 1434 1780 eque
1450 1738 1625 1779 scelestus,
1643 1738 1727 1769 nulli
1744 1738 1788 1770 ad
1804 1739 1937 1770 scelera
1954 1739 2137 1779 secundus,
2154 1739 2263 1770 homi-

423 1792 513 1829 cida,
537 1792 766 1828 facinorosus,
792 1792 902 1832 primo
927 1793 1093 1823 malorum
1118 1792 1226 1823 inicio
1250 1791 1402 1834 iugulato
1427 1792 1621 1829 sacerdote,
1639 1792 1683 1823 ad
1706 1797 1757 1823 tot
1772 1792 1990 1832 postmodum
2016 1791 2120 1823 cedes
2137 1793 2262 1834 erupit,

424 1853 505 1887 quot
530 1845 593 1876 sibi
620 1845 807 1876 occidendi
826 1845 963 1886 prebuit
980 1845 1137 1876 facultas.
1186 1845 1268 1882 Sed,
1285 1855 1305 1876 ο
1329 1845 1462 1882 mirum,
1487 1846 1581 1886 quod
1607 1845 1642 1875 in
1658 1850 1753 1876 tanta
1779 1844 1921 1876 civitate
1938 1844 2058 1876 horum
2075 1856 2265 1886 paucorum

423 1898 582 1940 potencie
608 1897 734 1929 bonum
757 1908 904 1929 comune
931 1899 1189 1934 conculcarent,
1213 1908 1290 1929 cum
1314 1908 1379 1929 nec
1403 1898 1586 1929 multorum
1610 1897 1775 1929 deficeret
1799 1897 1926 1934 odium,
1950 1898 2022 1934 sed,
2042 1899 2133 1939 quod
2158 1898 2202 1929 de
2224 1909 2262 1930 se

425 1951 615 1982 vindictam
646 1952 736 1982 alter
762 1957 961 1987 assumeret,
992 1952 1138 1994 quisque
1170 1950 1434 1992 prestolabatur.
1481 1950 1588 1988 Quod
1619 1955 1653 1982 et
1683 1950 1917 1982 admirabilius
1952 1956 2035 1987 erat,
2060 1951 2204 1983 florebat
2227 1952 2263 1983 in

423 2005 506 2036 urbe
531 2004 713 2045 magnilica
736 2004 1006 2036 Carrariensium
1033 2005 1145 2046 stirps,
1170 2004 1295 2035 nobilis
1319 2010 1352 2036 et
1375 2009 1522 2042 vetusta,
1545 2014 1612 2035 non
1637 2004 1747 2035 minus
1764 2013 1865 2045 quam
1883 2003 2086 2035 diviciarum
2110 2005 2263 2036 multitu-

423 2059 503 2089 dine
528 2057 677 2089 virorum
702 2059 805 2098 copia
829 2058 1016 2099 prepolens
1039 2064 1073 2089 et
1096 2058 1310 2089 strenuitate.
1357 2057 1512 2089 Maiores
1535 2063 1616 2088 natu
1640 2057 1771 2088 domini
1795 2063 1892 2088 erant
1916 2057 2062 2088 Iacobus
2093 2064 2127 2088 et
2150 2058 2262 2092 Uber-

421 2112 513 2142 tinus
537 2111 579 2142 de
604 2111 772 2147 Carraria,
798 2122 940 2153 quorum
966 2111 1221 2153 magnitudines
1252 2110 1446 2152 prudencie
1476 2109 1695 2151 superabant.
1742 2109 1785 2140 Hi
1812 2110 1972 2150 predicto
1997 2109 2099 2142 Petro
2123 2110 2261 2143 Alticli-

424 1261 562 1292 nebant.

2285 1368 2326 1399 20

2286 1900 2327 1931 30

364 2661 396 2678 10

513 2243 552 2260 x1.
572 2238 680 2268 primos
700 2236 723 2260 S
742 2250 771 2253 —-
800 2244 838 2260 12.
857 2237 890 2260 ad
912 2236 977 2268 hoc]
998 2238 1037 2260 At
1058 2237 1080 2261 S
1099 2250 1130 2254 —
1154 2244 1193 2268 14.
1213 2236 1398 2268 appellabant
1419 2236 1442 2260 S
1459 2248 1470 2253 -
1490 2235 1631 2259 conferret
1651 2234 1672 2258 S
1696 2247 1728 2252 —
1751 2239 1788 2265 15.
1809 2237 1836 2258 et
1861 2244 1909 2259 om.
1935 2235 1958 2260 S
1983 2251 2012 2254 —
2041 2242 2080 2259 22.
2107 2236 2260 2268 predivitis

424 2279 447 2303 S
466 2292 495 2295 —
516 2285 556 2309 30.
577 2278 694 2309 bomini]
715 2279 860 2301 hominurn
883 2280 918 2302 ss!
934 2293 965 2296 —
986 2286 1027 2311 32.
1048 2279 1136 2302 nobil.
1157 2281 1185 2302 et·
1205 2280 1314 2302 vetusta
1334 2287 1383 2302 om,
1403 2278 1426 2302 S

513 2366 521 2382 ¹
541 2367 690 2397 Mussxro,
712 2369 753 2391 De
773 2368 865 2397 ,mxx-lis,
886 2368 935 2399 IV,
959 2375 969 2391 1
986 2367 1085 2399 (Mum,
1108 2367 1140 2394 X.
1154 2367 1230 2398 (109):
1248 2368 1261 2380 “
1275 2367 1309 2390 lii

427 2410 534 2434 “totius
546 2411 646 2433 domus
659 2411 832 2439 ignominiae
846 2412 1073 2441 impatientiores
1085 2411 1183 2433 horum
1195 2411 1277 2433 erant
1287 2419 1312 2441 ,,;

424 2453 485 2483 (ivi,
497 2453 551 2475 col.
566 2452 643 2477 (mStz
659 2454 669 2464 ‘⁴
684 2452 790 2475 Exos-os
807 2454 925 2482 nubiles,
940 2454 1103 2485 praesertim
1118 2454 1314 2480 earrarienscs,

428 2497 581 2526 “equorum
609 2495 821 2525 magnitudines
850 2495 1031 2524 formidabat,
1057 2495 1314 2518 obtrectationibus

429 2538 439 2550 ‘⁴
455 2537 592 2569 agitabat,
614 2537 738 2567 punctim
758 2537 933 2565 stimulabat,
949 2538 977 2560 in
993 2537 1094 2569 vulgus
1113 2538 1315 2565 detestabatur,

426 2581 438 2594 ‘⁴
451 2581 609 2609 noxiosque
629 2580 714 2602 statui
737 2581 878 2602 communi
902 2580 1116 2611 praedicabat„-

516 2620 525 2635 2
555 2621 703 2649 Mussvro,
737 2622 778 2643 Dc
803 2623 899 2651 gri-stis,
928 2621 972 2652 lV,
1002 2629 1012 2645 1
1045 2621 1145 2652 (Mun,
1177 2622 1210 2648 X,
1239 2621 1313 2652 omn:

429 2664 579 2691 “Quorum
600 2664 679 2686 lateri
703 2664 857 2687 concordes
877 2665 1026 2687 adhaesere
1045 2665 1161 2695 juvenes
1181 2670 1215 2686 ex
1238 2664 1314 2686 urbis

429 2706 440 2717 ¹⁴
455 2705 704 2736 insignioril)ns„;
731 2705 779 2732 ivi,
803 2705 887 2728 ibid.:
909 2707 920 2718 ‘¹
934 2713 988 2729 rein
1016 2705 1102 2728 :iltius
1128 2705 1252 2736 aggredi,
1272 2712 1313 2727 ac-

428 2748 439 2760 “
452 2749 517 2771 citis
533 2748 568 2771 ad
587 2747 655 2770 haec
675 2747 718 2770 sni
738 2749 878 2770 consor-eii
894 2749 1053 2780 juvenibus,
1069 2748 1196 2771 meditati
1214 2749 1279 2770 sunt
1290 2765 1313 2777 „.

512 2788 523 2804 ³
544 2789 691 2819 Mussno,
714 2790 755 2813 De
765 2791 860 2820 gestis,
876 2789 923 2817 IV,
940 2797 949 2813 1
967 2790 1067 2821 (Melz,
1087 2790 1119 2819 X,
1134 2789 1211 2819 607):
1228 2790 1240 2802 “
1251 2789 1313 2812 Ple-

425 2830 436 2842 “
452 2831 532 2854 beios
558 2830 628 2853 duos
655 2831 694 2853 sic
720 2836 781 2853 sors
806 2831 1012 2855 extulerat.,..
1038 2830 1150 2854 Petrum
1178 2831 1210 2853 dc
1238 2830 1316 2853 Alti-

383 2874 392 2880 “
427 2873 439 2885 ¹⁴
451 2873 529 2896 clino
549 2875 597 2896 etc.
609 2889 630 2901 ,,.

511 2914 520 2929 ⁴
541 2914 688 2943 Mussno,
710 2915 752 2937 De
768 2914 865 2945 gestis,
886 2913 920 2944 11,
944 2921 952 2937 1
975 2913 1074 2945 (Mum,
1094 2915 1129 2944 X,
1147 2913 1222 2945 607):
1250 2913 1262 2925 “
1277 2915 1310 2938 Hi

425 2956 438 2969 α
451 2964 538 2981 mares
557 2959 612 2980 tres
634 2957 764 2980 iuvenum
786 2958 888 2980 aetatis
902 2957 984 2980 huius
999 2957 1215 2981 sceleratissimi
1229 2961 1278 2981 etc.
1289 2974 1312 2987 „.

510 2997 520 3012 ⁵
534 2999 683 3028 Mussaro,
698 2999 742 3022 De
751 2999 843 3029 gestis,
857 2998 892 3029 11,
908 3005 920 3022 ι
936 2998 1037 3030 (Mum,
1051 2999 1086 3029 X,
1102 2998 1179 3029 607):
1196 2998 1209 3010 “
1222 2999 1313 3032 Major

1367 2365 1382 2379 ¹¹
1392 2373 1486 2390 sacrae
1498 2366 1575 2390 aedis
1590 2367 1719 2397 prioratu
1733 2367 1850 2397 paterna
1865 2366 1986 2390 simonia
2001 2367 2139 2398 preditus,
2159 2367 2258 2392 Frassa

1371 2408 1384 2421 ⁸
1395 2409 1512 2437 medius,
1533 2408 1629 2431 Pasius
1650 2409 1750 2431 tertius
1761 2424 1786 2438 ,,.
2290 2419 2324 2438 20

1459 2449 1470 2465 ⁶
1491 2450 1567 2474 “Hic
1594 2450 1692 2473 Petrus
1721 2463 1753 2467 —
1779 2451 1963 2481 maritassot„
1987 2459 2019 2473 2-
2041 2451 2190 2482 Mus-suo,
2215 2453 2259 2476 De

1367 2493 1464 2524 gestis,
1484 2491 1531 2522 IV,
1553 2498 1565 2514 1
1587 2491 1687 2522 (Mum,
1706 2490 1739 2519 X,
1760 2490 1837 2523 607):
1860 2492 1872 2503 ‘¹
1883 2492 1995 2515 Petrum
2010 2493 2043 2515 de
2063 2493 2206 2517 Alticlino
2227 2506 2260 2510 —

1371 2534 1383 2545 “
1397 2534 1588 2558 collocaverat
1600 2550 1624 2564 „-

1456 2575 1467 2591 ⁷
1489 2577 1501 2589 ‘¹
1515 2576 1596 2599 Filiis
1618 2583 1681 2599 vero
1698 2588 1728 2591 -
1744 2577 1863 2606 augebat
1876 2594 1887 2605 „
1902 2586 1934 2598 z
1946 2577 2094 2606 Musa-vro,
2110 2578 2152 2601 De
2162 2578 2258 2609 gestis,

1370 2619 1419 2648 IV,
1441 2626 1450 2643 1
1472 2618 1569 2649 (Mum,
1590 2618 1622 2645 X,
1642 2617 1691 2647 607
1713 2618 1789 2648 sgg):
1809 2618 1821 2630 ‘⁴
1835 2617 1906 2645 Quis
1927 2619 2025 2642 horum
2052 2620 2206 2644 immanior
2227 2633 2259 2637 --
2287 2633 2319 2659 ²5

1373 2661 1386 2673 ‘⁴
1397 2662 1605 2685 assentationes
1626 2660 1724 2691 agebat
1736 2676 1757 2689 ῃ.

1457 2701 1468 2717 ⁸
1489 2702 1556 2726 “Ad
1578 2703 1629 2725 hoc
1657 2703 1734 2732 plebs
1762 2715 1793 2718 —
1814 2703 1846 2725 ad
1873 2704 1935 2726 ocia
1961 2705 2118 2734 conversi„
2134 2713 2167 2725 z
2182 2704 2260 2728 Mus-

1370 2752 1451 2775 SA'ro,
1473 2746 1514 2768 De
1528 2745 1624 2775 gestis,
1646 2744 1692 2773 lv,
1710 2751 1718 2767 1
1737 2743 1837 2773 (Mum,
1857 2744 1889 2773 X,
1910 2744 1986 2776 607):
2008 2746 2066 2769 “ad
2086 2747 2181 2777 partes
2199 2746 2259 2778 gel-

1373 2787 1384 2800 ‘¹
1398 2788 1441 2811 fae
1463 2788 1597 2810 factionis
1620 2799 1649 2803 —
1671 2787 1697 2808 in
1720 2793 1810 2817 agone
1831 2788 2015 2817 persisterent
2027 2805 2050 2817 ,,.

1457 2827 1468 2843 ⁹
1490 2827 1502 2840 ⁰
1516 2828 1583 2852 Erat
1603 2831 1694 2852 autem
1716 2828 1772 2859 ipsi
1792 2827 1874 2852 Petro
1894 2842 1926 2846 —
1952 2830 1986 2852 ad
2014 2830 2094 2853 illum
2122 2830 2259 2854 acclama-
2286 2846 2320 2872 3⁰

1369 2871 1383 2884 ⁴¹
1397 2871 1444 2894 bat
1454 2888 1467 2901 „
1481 2879 1513 2892 z
1527 2869 1675 2898 Mussm‘o,
1691 2871 1838 2901 Degestis,
1852 2870 1899 2900 IV,
1917 2878 1926 2894 x
1943 2870 2045 2903 (Mum,
2057 2872 2091 2900 X,
2107 2870 2158 2895 608
2172 2870 2256 2903 sgg.);

1370 2912 1383 2924 ‘¹
1397 2913 1480 2937 Alter
1498 2911 1631 2936 Ronchus
1651 2912 1806 2944 Agolantis
1825 2925 1857 2929 —
1877 2913 1911 2936 ad
1931 2913 2013 2937 illum
2037 2914 2186 2938 delendum
2198 2931 2221 2938 ..
2233 2930 2257 2939 ..

1371 2954 1384 2967 ¹‘
1395 2955 1517 2980 increvit
1529 2972 1551 2986 η.

2374 2764 2399 3684 ΜῆαῡωΜψ
2386 2731 2388 2734 ψ
2394 2686 2395 2690 „
