2422 3684
519 266 689 305 GESTA
719 268 1020 305 MAGNIFICA
1052 268 1235 304 DOMUS
1264 268 1654 304 CARRARIENSIS
1956 268 1999 304 51

169 405 357 436 honoribus
382 403 513 435 civibus
537 404 664 435 ceteris
688 404 860 444 preferret
891 411 923 436 et
952 405 986 435 in
1019 409 1162 440 tantum,
1187 404 1282 445 quod
1309 409 1387 444 post
1416 403 1636 445 magnificum
1669 402 1832 433 Iacobum
1864 403 2006 434 secundi

168 458 301 489 domini
325 457 540 489 dicebantur.
586 455 648 488 Set
673 457 718 494 hi,
743 464 779 488 ut
804 458 926 488 crebro
950 457 1088 494 accidit,
1113 468 1207 488 suam
1232 457 1290 488 vix
1315 457 1467 487 ferentes
1491 455 1769 496 prosperitatem,
1794 456 1862 486 iam
1886 455 2007 486 animis

170 510 264 547 elati,
289 517 410 541 contra
432 521 528 541 suum
553 510 777 541 coniurarunt
802 510 1072 547 benefactorem,
1097 510 1318 550 magnificum
1342 509 1502 540 Iacobum
1529 509 1572 539 de
1598 508 1771 549 Carraria,
1797 508 2009 545 Iacobinum,

169 563 241 595 eius
264 564 419 600 fratrem,
443 562 679 599 Franciscum,
703 562 776 593 eius
801 563 907 594 filium
933 570 966 594 et
989 563 1075 594 alios
1099 562 1224 594 multos
1240 561 1374 594 nobiles
1399 561 1566 592 civitatis:
1593 571 1737 602 quorum
1763 561 2009 592 coniuracione

128 615 145 646 5
170 616 280 647 eciam
304 615 443 647 detecta
467 615 670 657 magnificus
693 616 837 647 Iacobus
862 617 1005 647 credere
1030 615 1222 647 recusabat.
1269 615 1466 646 Amicorum
1486 621 1600 646 tamen
1618 614 1909 655 persuasionibus,
1928 624 2008 645 con-

169 669 246 701 silio
271 669 470 700 assenciens
494 668 633 705 saniori,
661 668 847 699 Henricum
864 668 945 700 licet
963 669 1105 700 invitum
1123 675 1158 700 et
1174 669 1240 699 iam
1258 667 1515 709 propalacionis
1532 667 1707 698 conscium
1724 667 1843 698 habuit
1859 667 1893 697 in
1912 678 2010 707 cena,

170 723 226 753 die
251 732 287 753 vr
312 721 514 752 decembris.
563 720 715 758 Interim,
740 732 780 752 eo
805 722 927 757 inscio,
952 723 1088 762 capitur
1110 720 1328 759 Frauciscus,
1354 722 1536 762 capiuntur
1553 726 1587 751 et
1603 719 1678 755 alii;
1697 720 1759 751 sed
1777 731 1855 751 mox
1873 721 2010 751 confes-

169 775 220 806 sio
245 774 406 815 proditur
430 773 686 805 coniuracionis
710 784 772 815 per
796 774 973 816 Acconem
999 774 1261 810 Delesma11iniS‚
1285 773 1447 805 Iacobum
1472 783 1627 814 grossum
1652 779 1686 804 et
1716 773 1940 805 Franciscum
1966 774 2008 804 de

171 827 403 865 Montesilice‚
428 828 557 859 amicos
580 828 731 868 ipsorum
757 828 799 860 de
832 827 953 859 Lucio.
1000 828 1173 860 Henricus
1196 837 1322 865 autem,
1348 827 1524 858 celebrata
1549 837 1647 865 cena,
1671 827 1831 858 talamum
1855 827 2010 858 introivit

110 882 148 912 10
172 881 237 912 sibi
262 887 418 922 paratum
444 880 480 911 in
507 882 608 911 domo
631 880 807 922 magnifici
833 881 964 919 Iacobi‚
988 881 1093 912 tristis
1118 881 1260 912 multum
1285 891 1327 912 ac
1351 880 1525 917 dubitans,
1542 880 1626 921 quid
1642 880 1711 910 iam
1735 880 1798 911 sibi
1815 880 1859 910 sit
1874 889 2013 911 succes-

171 945 296 966 surum.
342 934 427 966 Cum
453 944 520 975 quo
546 933 655 964 eciam
680 934 842 965 talamum
860 935 1003 966 intravit
1020 935 1071 965 vir
1089 934 1214 965 nobilis
1230 940 1265 966 et
1282 940 1410 965 astutus
1429 934 1588 965 Andreas
1605 933 1648 964 de
1666 933 1802 965 Rubeis
1819 933 1861 964 de
1878 933 2012 970 Parma,

173 987 230 1030 qui
252 987 320 1028 ipsi
344 986 498 1018 Henrico
523 987 572 1017 sic
597 987 656 1024 ait,
680 996 757 1017 cum
782 997 897 1018 secum
926 988 1018 1018 solus
1050 988 1202 1020 adesset:
1238 987 1430 1025 “Henrice,
1462 986 1609 1018 Iacobus
1641 987 1685 1017 de
1710 987 1870 1018 Carraria
1903 987 1946 1017 de
1978 992 2012 1018 te

174 1042 333 1071 “tantum
359 1039 567 1076 confidebat,
590 1039 682 1081 quod
708 1038 828 1070 Padue
853 1040 1012 1070 dominus
1036 1041 1208 1071 secundus
1232 1039 1276 1071 ab
1299 1040 1374 1080 ipso
1399 1039 1587 1070 dicebaris:
1614 1040 1787 1080 quomodo
1819 1049 1902 1081 ergo
1934 1050 2012 1080 pre<

173 1093 376 1134 “sumpsisti
400 1092 472 1124 eius
497 1099 531 1124 et
555 1102 692 1123 suorum
716 1098 861 1124 mortem
886 1093 998 1124 animo
1023 1093 1179 1135 cogitare
1195 1093 1208 1124 ?
1224 1118 1238 1133 „
1267 1093 1438 1124 Henricus
1470 1092 1613 1134 negavit
1644 1092 1821 1128 instanter,
1852 1098 1904 1123 set
1934 1102 2013 1122 mox

110 1147 147 1178 15
171 1156 236 1188 per
260 1145 448 1186 complices
472 1145 728 1176 coniuracionis
752 1151 786 1175 et
809 1156 888 1177 suos
913 1146 1092 1177 convictus
1108 1145 1296 1176 familiares
1313 1155 1439 1188 negare
1457 1155 1525 1176 non
1543 1146 1664 1186 potuit.
1705 1144 1922 1181 Franciscus‚
1940 1145 2014 1175 eius

172 1200 292 1235 frater,
315 1199 383 1229 iam
408 1198 518 1229 eciam
543 1198 586 1230 de
611 1198 679 1228 levi
704 1199 817 1229 fuerat
842 1209 911 1229 rem
938 1204 972 1230 et
996 1199 1132 1240 singula
1156 1200 1347 1230 confessus
1396 1198 1562 1229 Nicolaus
1585 1205 1710 1235 autem,
1735 1198 1862 1229 tercius
1893 1198 2013 1234 frater,

169 1258 255 1284 tunc
279 1258 351 1283 erat
374 1252 411 1282 in
435 1251 607 1288 Pratalea,
633 1252 701 1293 qui,
730 1252 780 1282 rei
805 1252 892 1283 serie
918 1252 1068 1294 cognita,
1093 1263 1172 1284 mox
1195 1252 1341 1283 Lucium
1367 1252 1510 1292 aufugit,
1542 1257 1661 1282 contra
1685 1261 1785 1292 quem
1811 1251 2012 1293 magnificus

169 1305 316 1337 Iacobus
340 1305 383 1336 de
409 1304 570 1336 Carraria
595 1314 673 1335 cum
702 1305 861 1336 exercitu
894 1315 974 1336 mox
1007 1305 1183 1347 equitavit.
1231 1305 1275 1336 Et
1307 1304 1362 1336 die
1394 1305 1551 1346 sequenti
1582 1305 1696 1335 locum
1727 1314 1805 1335 cum
1838 1303 2015 1335 fortiliciis

173 1358 331 1391 omnibus
356 1358 514 1396 obtinuit,
541 1358 687 1390 Nicolao
712 1369 790 1390 curn
817 1359 936 1399 paucis
969 1358 1094 1390 auxilio
1126 1359 1209 1400 fuge
1242 1359 1343 1389 morti
1372 1364 1502 1399 erepto,
1551 1357 1630 1394 Qua
1661 1368 1698 1389 re
1731 1357 1894 1389 Veneciis
1918 1357 2016 1394 scita,

110 1414 151 1445 20
174 1412 301 1444 nobilis
326 1412 539 1444 Venetorum
565 1410 723 1453 legacio¹
750 1422 793 1442 ex
819 1418 916 1452 parte
941 1410 1072 1443 domini
1104 1412 1203 1444 ducis
1227 1412 1410 1454 magnifico
1435 1411 1572 1448 Iacobo,
1597 1411 1810 1442 salutacione
1840 1412 2017 1452 premissa,

173 1465 280 1497 verba
304 1465 421 1496 retulit
444 1464 479 1495 in
505 1465 570 1496 hac
594 1464 722 1495 forma:
753 1466 766 1480 ‘⁴
780 1465 947 1496 Dominus
964 1466 1033 1496 dux
1050 1470 1084 1496 et
1102 1475 1247 1496 comune
1267 1465 1498 1496 Veneciarum
1515 1465 1558 1495 de
1577 1464 1821 1495 inobediencia
1838 1471 1870 1495 et
1887 1464 2016 1495 delicto

181 1518 344 1549 “illorum
369 1518 412 1549 de
436 1517 548 1549 Lucio
572 1518 805 1554 contristatur,
829 1518 909 1559 quia
941 1528 1087 1549 comune
1120 1519 1229 1558 ipsum
1262 1518 1493 1549 Veneciarum
1526 1518 1702 1548 desiderat
1733 1518 1860 1548 civium
1894 1517 2015 1548 Padue

181 1573 194 1589 ‘⁴
208 1571 374 1603 unitatem
391 1577 425 1602 et
440 1577 574 1602 statum.
625 1571 752 1612 Sicque
776 1581 818 1601 ex
835 1577 932 1612 parte
950 1571 1079 1602 domini
1099 1572 1196 1602 ducis
1213 1577 1246 1602 et
1264 1571 1408 1601 dominii
1425 1571 1514 1601 illius
1531 1571 1638 1611 ipsum
1665 1571 1787 1601 ducem
1814 1577 1847 1602 et
1871 1581 2016 1602 comune

182 1625 315 1666 “ipsum
339 1631 463 1656 contra
486 1625 644 1655 inimicos
670 1631 804 1655 vestros
827 1624 927 1655 vobis
953 1624 1058 1655 libere
1084 1624 1263 1655 offerimus
1294 1624 1328 1654 in
1362 1624 1519 1655 omnibus
1551 1624 1648 1654 vobis
1673 1624 1811 1655 casibus
1834 1631 2017 1665 paratos„.

111 1678 151 1710 25
177 1678 352 1720 Regratus
377 1683 428 1709 est
459 1678 662 1720 magnificus
694 1677 841 1708 Iacobus
873 1678 1013 1709 domino
1041 1678 1133 1715 duci,
1166 1677 1368 1708 comunitati
1401 1677 1631 1708 Veneciarum
1663 1683 1695 1708 et
1726 1677 2019 1708 ambaxiatoribus

176 1731 271 1773 ipsis,
296 1741 331 1763 se
355 1738 389 1763 et
413 1742 474 1762 sua
497 1731 654 1762 offerens
679 1731 723 1761 ad
749 1731 839 1762 illius
863 1731 1116 1762 dominacionis
1139 1736 1262 1762 statum
1287 1736 1321 1761 et
1345 1731 1529 1761 honorem:
1555 1730 1613 1772 qui
1638 1729 1885 1762 ambaxiatores
1909 1730 2017 1761 hono-

175 1785 270 1816 rifice
295 1784 498 1826 pertractati
524 1783 565 1815 ab
590 1783 666 1825 ipso
690 1783 821 1815 Iacobo
845 1784 995 1816 licencia
1019 1784 1253 1815 discesserunt
1276 1789 1458 1825 assumpta.

270 1917 330 1950 153
353 1917 453 1959 [198].
477 1935 522 1940 -
544 1916 676 1949 Horum
701 1918 847 1948 fratrum
872 1917 916 1948 de
950 1917 1059 1948 Lucio
1095 1917 1304 1958 prodicione
1336 1917 1518 1949 manifeste
1549 1918 1700 1954 detecta,
1732 1917 1935 1959 magnificus
1966 1917 2019 1948 Ia-

180 1970 286 2003 cobus
310 1972 353 2003 de
376 1971 539 2003 Carraria
562 1981 631 2002 non
656 1971 731 2001 sine
755 1971 905 2002 lacrimis
929 1971 1107 2011 puniendo
1138 1970 1283 2001 tradidit
1316 1971 1410 2001 curie
1442 1970 1621 2011 potestatis
1637 1970 1657 2007 ²,
1690 1976 1812 2001 contra
1843 1980 1930 2012 quos
1958 1981 2020 2011 per

113 2025 155 2056 30
179 2024 287 2066 ipsum
312 2031 521 2066 potestatem
545 2025 666 2055 mortis
691 2024 827 2065 prolata
851 2023 1027 2055 sentencia
1051 2024 1200 2064 populus
1225 2023 1465 2054 conclamabat
1489 2023 1623 2054 nescire
1652 2023 1847 2063 proditores
1876 2033 1895 2054 a
1926 2023 2019 2064 prio-

180 2088 254 2109 rum
278 2088 416 2109 suorum
442 2077 594 2119 vestigiis
619 2078 772 2109 deviare.
822 2078 909 2108 Nam
935 2087 1051 2108 eorum
1070 2088 1165 2113 avus,
1182 2077 1340 2108 dominus
1358 2076 1521 2107 Nicolaus
1538 2077 1581 2107 de
1599 2075 1718 2115 Lucio,
1736 2082 1857 2107 contra
1874 2077 2019 2116 patriam

179 2141 215 2163 se
240 2137 274 2162 et
299 2137 445 2162 castrum
469 2140 566 2161 suum
590 2130 692 2162 Lucii
717 2130 870 2162 subdidit
895 2130 1035 2161 domino
1061 2130 1159 2165 Cani,
1182 2140 1224 2161 ex
1248 2140 1316 2171 quo
1341 2136 1514 2171 tamquam
1539 2129 1696 2170 proditor
1727 2129 1794 2159 fuit
1826 2129 1868 2160 de
1901 2129 2021 2161 Padua

179 2183 398 2215 forbannitus
425 2193 501 2214 cum
525 2183 786 2215 successoribus
810 2183 952 2226 singulis
976 2189 1009 2214 et
1026 2184 1060 2214 in
1080 2183 1218 2214 civitate
1243 2193 1361 2213 eorum
1386 2181 1506 2213 domus
1522 2191 1654 2213 everse.
1702 2182 1771 2223 Ipsi
1787 2188 1901 2213 autem
1926 2182 2023 2213 Hen-

179 2237 271 2268 ricus
294 2243 328 2269 et
352 2236 555 2268 Franciscus
580 2237 752 2278 supplicio
777 2237 963 2278 puniuntur
988 2236 1144 2277 capitali:
1170 2242 1248 2277 post
1272 2246 1357 2277 quos
1381 2235 1436 2266 die
1461 2235 1621 2276 sequenti
1649 2234 1743 2277 Acco
1768 2235 2022 2265 Delesmaninis

119 2289 158 2322 35
181 2289 328 2322 Iacobus
352 2300 500 2332 grossus,
526 2290 731 2322 Franciscus
755 2290 798 2322 de
822 2290 1052 2327 Montesilice‚
1080 2289 1243 2320 Nicolaus
1268 2300 1287 2320 a
1310 2288 1431 2319 Finale
1457 2294 1490 2319 et
1513 2287 1570 2318 alii
1595 2288 1745 2329 quinque
1777 2288 1897 2319 caudis
1921 2289 2023 2320 tracti

182 2343 354 2375 asinorum
379 2343 481 2374 furca
503 2343 769 2385 suspenduntur,
795 2349 828 2374 et
851 2343 908 2374 die
933 2353 981 2373 xx
1006 2348 1083 2384 post
1107 2343 1340 2383 suprascripta
1364 2341 1522 2372 undecim
1548 2341 1607 2372 alii
1632 2341 1769 2372 fuerunt
1794 2341 1903 2372 eciam
1922 2342 2022 2373 furca

182 2397 348 2438 suspensi.
393 2396 453 2428 Set
476 2402 545 2428 tam
570 2397 794 2428 ammirabilis
819 2396 1011 2428 clemencie
1036 2396 1101 2427 fuit
1122 2396 1324 2437 magnificus
1348 2394 1492 2426 Iacobus
1521 2395 1563 2425 de
1595 2394 1765 2431 Carraria,
1792 2394 1884 2436 quod
1910 2395 2024 2426 multis

183 2450 340 2491 pepercit
363 2450 577 2491 prodicionis
601 2450 701 2481 huius
724 2450 881 2481 facinore
907 2449 1098 2481 maculatis.
1146 2449 1233 2479 Nam
1260 2448 1487 2480 Guarnerium
1505 2448 1548 2479 de
1567 2447 1677 2485 Lach,
1694 2448 1898 2489 armigerum
1916 2459 2024 2484 suum,

186 2503 242 2544 qui
266 2503 421 2545 equitum
445 2513 583 2534 suorum
608 2503 696 2534 alam
722 2502 947 2545 gubernabat,
972 2503 1007 2534 in
1032 2503 1097 2532 hac
1123 2501 1370 2533 coniuracione
1396 2500 1650 2541 deprehensum
1676 2507 1709 2531 et
1726 2501 1825 2542 equis
1842 2501 1899 2541 [et]
1916 2501 2021 2532 armis

123 2555 163 2586 40
186 2555 400 2588 solummodo
424 2556 609 2597 privatum,
634 2555 731 2587 abire
756 2556 910 2596 permisit
942 2556 1091 2597 impune.
1138 2556 1188 2585 De
1221 2554 1394 2584 Paduanis
1425 2554 1573 2585 consciis
1604 2553 1837 2590 dissimulavit,
1872 2554 2024 2595 quinimo

183 2608 324 2651 aliquos,
348 2609 407 2651 qui
431 2620 472 2640 ex
496 2610 564 2641 hoc
589 2608 762 2641 venecias
786 2610 1004 2651 aufugerant,
1029 2608 1172 2650 prestita
1195 2607 1277 2648 ipsis
1304 2606 1513 2647 impunitatis
1545 2607 1629 2643 fide,
1662 2606 1816 2638 Paduam
1832 2647 1833 2650 Ἰ
1849 2607 2025 2638 curialiter

189 2662 380 2695 revocavit.

282 2878 303 2896 1.
320 2871 484 2896 Iacobinum
503 2872 526 2896 S
543 2886 574 2890 —-
599 2879 638 2896 10.
655 2874 683 2897 et
700 2873 756 2905 jam
776 2873 840 2896 dub.
854 2873 877 2897 S
889 2873 967 2896 -iam
982 2880 1030 2895 om.
1046 2872 1068 2895 S
1080 2884 1111 2888 —
1130 2878 1167 2894 11.
1188 2869 1324 2893 introivit
1340 2870 1362 2893 8
1374 2883 1405 2886 -—
1427 2876 1467 2901 15.
1487 2870 1657 2893 coniunctus
1678 2870 1700 2894 8
1712 2883 1743 2886 »-
1758 2875 1799 2900 25.
1819 2871 1986 2900 regratiatus
2006 2870 2028 2892 S

194 2926 226 2930 —
245 2920 287 2944 30.
307 2921 427 2945 unquam
447 2914 609 2946 proditores
629 2914 652 2938 S
670 2927 702 2931 —
721 2921 764 2946 33.
786 2914 893 2938 fuerint
913 2922 1008 2938 eorum
1030 2914 1052 2938 S
1070 2926 1101 2931 —
1121 2911 1163 2944 36.
1183 2912 1346 2943 supradicta
1367 2912 1389 2935 S
1406 2924 1438 2929 —-
1458 2918 1500 2942 37.
1521 2911 1587 2943 quid
1609 2912 1631 2936 S
1654 2925 1686 2928 —
1712 2918 1754 2943 40.
1774 2910 1871 2944 perin]
1896 2912 1981 2935 iussit
2006 2912 2029 2937 S

284 3041 290 3058 ¹
311 3043 443 3072 Comus,
466 3045 604 3075 Chronica,
624 3044 672 3074 IX,
694 3053 717 3076 4.
1224 3039 1234 3056 ²
1252 3040 1392 3071 CORTUS.,
1415 3042 1556 3072 Chronica,
1574 3041 1621 3071 IX,
1642 3049 1666 3072 4.
