2422 3684
492 236 663 275 GESTA
691 237 997 274 MAGNIFICA
1027 237 1209 274 DOMUS
1238 234 1632 273 CARRARIENSIS
1926 236 1968 270 31

138 373 250 405 nuerit
273 372 490 414 postulatum,
516 380 663 412 moxque
688 376 814 414 teugue
840 370 935 402 fiunt.
982 371 1061 402 Fuit
1093 376 1126 402 et
1158 370 1294 402 interim
1317 369 1409 400 inter
1433 367 1607 400 dominum
1642 367 1884 408 imperatorem
1910 367 1976 398 Lo-

139 427 312 463 dovimm,
336 424 573 457 marchionem
597 422 641 454 de
667 422 921 465 Braudeburgi‚
946 424 1018 455 eius
1044 423 1158 459 filium,
1191 429 1224 454 et
1256 423 1473 465 magnificum
1499 421 1674 452 dominum
1702 420 1909 453 Ubertinum
1933 420 1977 450 de

140 478 381 512 controversiis
404 476 558 519 parcium
584 476 690 507 libere
717 477 1011 517 compromissum.

229 585 281 617 87.
308 584 408 626 [19Ι].
432 601 476 606 -—
497 583 657 625 [E]0dem
679 592 781 619 ann0‚
805 582 848 613 de
873 592 992 614 mense
1016 583 1231 624 septembris,
1248 582 1450 625 magnificus
1466 581 1623 613 dominus
1636 580 1826 612 Ubertiuus
1844 580 1979 612 obviam

99 639 115 671 5
141 638 307 681 processit
329 636 460 669 sorori¹
485 637 576 677 regis
601 635 734 667 iuvenis
760 635 878 667 Sicilie
902 647 1010 677 usque
1036 638 1081 667 ad
1106 637 1220 667 locum
1245 636 1379 678 Oriagi‚
1402 645 1506 678 quam
1530 634 1650 666 Padue
1675 634 1856 676 magnifice
1881 642 1980 664 rece-

141 692 201 733 pit.
248 691 393 727 Deinde,
417 689 606 721 Baxianum
629 687 820 720 honorifice
845 689 987 725 sociata,
1012 689 1048 719 in
1071 689 1289 721 Alemaniam
1315 688 1493 730 equitavit.

234 797 285 828 88.
311 796 412 837 [192].
439 816 477 821 —
502 794 660 837 [E]odem
684 804 774 825 anno
801 801 836 826 et
860 805 987 831 mense,
1011 795 1212 837 magnificus
1238 795 1396 827 dominus
1419 794 1609 826 Ubertinus
1638 792 1782 824 habuit²
1815 792 1858 824 ad
1881 802 1978 823 suum

143 850 302 882 salarium
326 849 502 880 dominum
527 848 728 880 Rainerium
753 847 797 879 de
824 848 986 885 Forlivio‚
1011 849 1190 890 egregium
1216 850 1328 890 legum
1362 847 1552 888 doctorem,
1576 846 1634 888 qui
1658 846 1816 878 Studium
1851 845 1977 886 padua-

143 914 224 935 num
249 902 391 934 multum
417 902 510 933 fama
535 908 569 933 et
593 911 698 943 opere
723 900 915 933 decoravit.

84 1011 121 1041 10
235 1009 286 1041 89.
311 1008 411 1049 [1931.
439 1026 477 1031 --
502 1007 692 1049 [DJOminus
716 1007 839 1038 Petrus
864 1005 985 1050 Ceno3
1009 1007 1051 1038 de
1076 1007 1251 1044 Veneciis‚
1278 1008 1394 1039 Padue
1424 1013 1588 1048 potestas,
1613 1018 1632 1037 a
1664 1005 1804 1037 domino
1836 1005 1926 1037 duce
1950 1011 1984 1036 et

144 1062 354 1095 comunitate
380 1061 612 1093 Veneciarum
637 1066 761 1092 contra
784 1060 967 1091 Theucros
990 1060 1191 1101 capitaneus
1215 1061 1357 1099 electus,
1381 1066 1555 1092 reservato
1580 1060 1646 1092 sibi
1672 1059 1808 1092 nomine
1833 1064 1984 1100 potesta-

148 1116 193 1147 tis
216 1115 347 1152 padue,
371 1115 415 1146 de
440 1114 662 1156 beneplacito
686 1113 861 1156 magnifici
889 1113 1019 1144 domini
1044 1112 1207 1145 Ubertini
1233 1114 1408 1145 Venecias
1432 1113 1675 1156 proficiscitur.

235 1222 286 1253 90.
301 1220 401 1262 [194].
417 1238 463 1244 —-
477 1219 727 1263 [Mjagnificum
745 1219 920 1251 dominum
934 1219 1141 1251 Ubertinum
1155 1220 1198 1251 de
1210 1220 1369 1252 Carraria
1386 1220 1524 1251 morbus
1541 1220 1575 1250 in
1591 1221 1688 1262 virga
1704 1220 1874 1262 percussit
1889 1223 1913 1257 ⁴,
1927 1220 1984 1261 qui

145 1285 221 1306 eum
246 1275 350 1316 longo
375 1280 531 1315 tempore
554 1280 741 1305 vexaverat
756 1278 791 1305 et
814 1274 973 1304 vexabat.
1017 1273 1095 1310 Hic,
1122 1284 1262 1314 operam
1287 1275 1390 1305 dante
1416 1274 1554 1306 domino
1573 1272 1678 1305 Petro
1699 1283 1719 1304 a
1735 1273 1984 1315 Campagnoia,

84 1328 120 1360 15
147 1328 218 1359 eius
243 1328 374 1359 vicario
399 1327 565 1369 generali,
591 1333 625 1358 et
650 1326 746 1358 cuius
771 1325 914 1357 consilio
939 1327 972 1355 in
1001 1326 1105 1357 factis
1137 1327 1205 1357 suis
1237 1326 1527 1368 quamplurimum
1557 1326 1781 1368 procedebat,
1811 1326 1985 1357 dominum

146 1379 375 1412 Marsilietum
393 1380 608 1422 Papafavam
629 1381 672 1411 de
690 1378 850 1411 Carraria
866 1379 932 1410 sibi
950 1379 1113 1410 heredem
1130 1386 1164 1410 et
1180 1379 1322 1411 dominii
1336 1380 1453 1412 Padue
1471 1380 1578 1411 voluit
1595 1390 1842 1417 successorem,
1866 1390 1986 1422 quam-

148 1445 250 1477 quam
274 1434 339 1465 sibi
365 1433 457 1464 nulla
481 1439 572 1464 esset
596 1434 707 1475 gradu
731 1432 910 1474 sanguinis
935 1432 1097 1463 affinitate
1124 1433 1342 1464 coniunctus.
1391 1434 1433 1463 Et
1457 1433 1507 1464 sic
1540 1433 1595 1464 die
1629 1442 1731 1463 xxvr1
1764 1433 1884 1464 marcii
1908 1444 1988 1474 pre-

147 1487 261 1520 dictus
284 1487 443 1519 dominus
468 1487 681 1518 Massilietus
697 1486 884 1518 dominium
902 1486 1057 1527 suscepit
1074 1486 1192 1517 Padue
1211 1487 1361 1518 civitatis
1379 1493 1412 1518 et
1428 1487 1616 1518 districtus.
1664 1487 1726 1517 Die
1743 1497 1826 1518 vero
1852 1496 1986 1518 xxvnn

148 1541 234 1573 dicti
257 1541 382 1572 mensis
406 1540 607 1582 magnificus
630 1539 789 1571 dominus
813 1539 1001 1571 Ubertinus
1026 1539 1181 1571 debitum
1206 1539 1308 1571 solvit
1332 1540 1490 1571 universe
1515 1540 1640 1577 caruis,
1665 1540 1722 1582 qui
1748 1540 1804 1572 die
1829 1540 1985 1582 sequenti

86 1595 128 1625 20
153 1605 231 1626 cum
254 1593 387 1635 magnis
409 1593 601 1634 sumptibus
626 1598 660 1624 et
681 1598 848 1634 apparatu
874 1592 908 1622 in
933 1591 1082 1623 ecclesia
1106 1592 1217 1624 saneti
1245 1592 1424 1635 Augustini
1451 1592 1641 1624 honorifice
1666 1592 1842 1634 sepelitur.

237 1701 289 1732 91.
314 1699 415 1742 [1951.
443 1720 480 1725 —-
506 1699 572 1731 Hic
596 1705 708 1730 autem
735 1699 892 1730 dominus
909 1698 1121 1730 Marsilietus
1135 1699 1145 1714 ⁵
1163 1699 1195 1729 in
1212 1699 1285 1730 eius
1310 1699 1477 1741 regimine
1494 1700 1603 1730 nichil
1621 1699 1762 1741 dignum
1779 1700 1865 1730 fecit
1881 1710 1988 1730 anno-

149 1760 232 1786 tatu.
278 1754 368 1786 Nam
390 1753 503 1785 statim
527 1752 729 1795 magnificus
753 1752 911 1784 dominus
927 1751 1074 1784 Iacobus
1090 1752 1132 1783 de
1158 1751 1327 1793 Carraria,
1353 1762 1460 1794 nepos
1486 1753 1659 1795 magnifici
1678 1753 1812 1784 domini
1828 1752 1990 1784 Ubertini

149 1813 184 1840 et
206 1808 295 1839 filius
318 1806 493 1849 magnifici
518 1806 649 1837 domini
677 1806 825 1842 Nicolai,
849 1817 884 1837 se
910 1806 1031 1838 videns
1054 1807 1175 1837 iniuste
1200 1806 1369 1847 privatum
1402 1816 1537 1837 suorum
1562 1806 1783 1837 successione
1811 1806 1989 1844 maiorum,

153 1868 186 1893 et
210 1861 377 1903 precipue
403 1861 446 1891 de
471 1859 603 1890 iuribus
627 1859 788 1891 Carrarie
812 1865 846 1890 et
869 1859 1021 1890 dominio
1047 1859 1206 1896 civitatis,
1225 1853 1348 1890 timens
1365 1859 1473 1890 eciam
1492 1869 1554 1900 per
1570 1859 1745 1890 dominum
1762 1859 1987 1890 Marsilietum

87 1913 128 1946 25
151 1915 217 1946 sibi
241 1914 381 1946 insidias
407 1912 532 1954 parari,
557 1912 606 1943 sic
631 1922 746 1944 secum
773 1913 835 1944 ait:
865 1912 965 1943 “Iam
992 1912 1057 1954 legi
1083 1913 1177 1955 quod
1201 1913 1338 1954 agendo
1363 1918 1395 1943 et
1419 1912 1579 1943 audendo
1605 1923 1659 1943 res
1684 1913 1843 1943 Romana
1867 1913 1989 1949 crevit,

156 1966 170 1982 ‘⁶
186 1977 254 1999 non
277 1966 431 1998 sedendo
456 1971 513 1996 aut
537 1966 636 2001 votis,
660 1975 729 1996 non
754 1965 807 1996 his
830 1965 984 1996 sensibus
1001 1972 1035 1996 et
1052 1965 1214 2001 consiliis,
1237 1975 1304 2006 que
1321 1964 1433 1996 timidi
1451 1971 1552 1996 cauta
1577 1971 1743 2003 vocant„.
1792 1965 1991 1996 Deliberato

153 2030 236 2063 ergo
262 2020 404 2051 consilio
430 2029 506 2050 cum
532 2017 705 2049 nobilibus
720 2018 936 2060 quibusdam,
962 2019 1084 2060 quibus
1101 2019 1283 2059 plurimum
1307 2018 1513 2055 comidebat,
1532 2024 1652 2049 contra
1669 2019 1863 2059 predictum
1882 2018 1991 2049 domi-

153 2085 230 2105 num
257 2073 482 2105 Massilietum
507 2072 731 2113 conspiravit,
754 2072 894 2113 eiusque
920 2071 1085 2112 [domum]
1111 2072 1194 2103 hora
1218 2072 1326 2102 tercia
1350 2072 1461 2102 noctis
1485 2072 1667 2113 ingressus,
1700 2071 1991 2103 cubiculariorum

153 2128 259 2168 ipsius
283 2126 412 2158 domini
436 2125 621 2157 Marsilieti
645 2125 772 2156 auxilio
796 2135 858 2166 per
882 2127 988 2156 multa
1010 2131 1044 2156 et
1069 2125 1204 2156 diversa
1230 2125 1338 2155 hostia
1363 2125 1436 2155 eius
1459 2125 1620 2155 talamum
1644 2125 1856 2167 ingrediens,
1879 2125 1990 2165 ipsum

90 2182 131 2212 30
153 2180 270 2224 gladio
303 2189 380 2211 cum
411 2179 558 2210 audacia
589 2178 746 2219 peremit.
792 2179 835 2210 Et
867 2179 966 2209 fuere
999 2178 1158 2219 predicta
1190 2179 1246 2209 die
1279 2188 1314 2209 vr
1346 2178 1471 2208 mensis
1496 2177 1587 2215 maii,
1615 2188 1705 2209 auno
1729 2178 1859 2209 domiui
1883 2177 1990 2208 mille-

157 2233 240 2266 simo
265 2232 471 2266 CCCXLV.

243 2340 295 2372 92.
319 2338 419 2380 [196].
450 2357 487 2361 -
512 2338 742 2380 [MJagnificus
766 2338 912 2370 Iacobus
930 2339 973 2370 de
990 2339 1150 2371 Carraria
1162 2336 1183 2375 ⁶,
1202 2338 1319 2369 volens
1336 2338 1525 2379 prudenter
1542 2338 1677 2379 exequi,
1694 2339 1789 2380 quod
1806 2338 1994 2379 inceperat,

155 2395 285 2426 factum
309 2392 417 2424 nichil
440 2398 613 2433 reputans,
638 2402 714 2422 cum
731 2392 817 2434 quid
834 2398 1029 2432 superesset
1054 2392 1227 2434 agendum
1245 2391 1365 2422 eadem
1383 2398 1497 2427 nocte,
1521 2401 1556 2422 se
1575 2391 1683 2432 primo
1705 2391 1773 2422 suis
1789 2401 1825 2423 se
1850 2391 1994 2422 munivit

159 2447 290 2479 amicis.
335 2446 438 2477 Tunc
463 2452 585 2487 postea
609 2446 784 2477 dominum
810 2445 1010 2476 Iacobiuum
1036 2446 1248 2487 Papafavam
1281 2456 1357 2476 cum
1390 2444 1584 2482 Alberffino,
1617 2445 1690 2475 eius
1721 2445 1800 2482 filio,
1831 2451 1992 2486 nepotem

249 2587 272 2606 1.
291 2581 338 2604 sed
359 2588 427 2604 mox
445 2580 468 2605 S
485 2593 519 2597 —
539 2579 592 2612 5-6.
611 2579 759 2612 magnifice
784 2582 810 2604 et
831 2588 893 2604 cum
915 2581 1040 2604 maximo
1062 2581 1166 2612 recepit
1186 2580 1307 2603 honore:
1328 2587 1379 2610 que
1399 2579 1501 2602 deinde
1528 2580 1550 2604 S
1574 2593 1605 2596 —
1636 2587 1674 2611 14.
1701 2580 1831 2604 vexabat.
1868 2580 1910 2603 Ex
1938 2587 1993 2610 quo

158 2625 215 2657 jam
235 2623 304 2647 adeo
323 2623 504 2646 debilitatum
526 2622 651 2646 sentiens
670 2624 700 2646 ut
722 2623 830 2646 viribus
849 2625 956 2646 careret
976 2624 1061 2646 dante
1081 2630 1156 2653 oper.
1175 2626 1235 2646 sust.
1256 2622 1278 2646 S
1297 2635 1327 2638 —
1354 2629 1392 2653 ¹5·
1412 2623 1438 2644 ct
1458 2630 1506 2645 om.
1526 2622 1549 2646 S
1565 2635 1598 2639 —
1618 2629 1659 2646 20.
1679 2623 1805 2654 sepultus
1826 2623 1875 2649 est,
1890 2622 1935 2645 dic
1951 2623 1993 2644 vi-

160 2667 263 2690 delicet
282 2666 430 2697 trigesimo
451 2665 556 2693 martii,
576 2665 730 2688 millesimo
750 2666 949 2697 ‘crigentesimo
973 2666 1074 2696 quinto
1098 2667 1119 2689 ὁ·

245 2767 253 2783 ¹
273 2767 407 2795 Comvs,
430 2767 568 2796 Chronica,
589 2766 662 2795 Vm,
685 2774 725 2798 14.
1104 2767 1146 2789 zia
1166 2766 1240 2789 della
1261 2767 1350 2788 morte
1370 2765 1397 2787 di
1421 2765 1569 2788 Ubertino.
1607 2765 1629 2788 Il
1648 2765 1781 2797 biografo
1797 2772 1878 2795 segue
1898 2765 1993 2796 pedis-

115 2813 128 2839 5
245 2808 255 2824 ²
275 2810 412 2839 Connus,
434 2810 575 2839 Chronica,
596 2809 669 2837 VIII,
694 2817 732 2840 14.
1103 2810 1280 2839 scquamente
1303 2808 1322 2830 il
1343 2809 1477 2831 racconto
1503 2809 1676 2831 cortusiano.
1715 2808 1767 2831 Per
1794 2808 1925 2839 migliore
1956 2808 1993 2830 in-

246 2850 256 2866 ³
276 2852 412 2880 Comus„
435 2853 575 2882 Chronica,
597 2851 672 2881 V111,
693 2851 729 2876 16.
1103 2851 1254 2881 telligenza
1273 2850 1310 2873 ho
1329 2850 1445 2873 creduto
1473 2849 1635 2873 introdurre
1662 2858 1698 2873 un
1723 2857 1810 2881 segno
1833 2849 1862 2873 di
1883 2857 1993 2881 separa-

243 2892 254 2909 ⁴
275 2894 409 2924 Comus„
430 2895 568 2923 Chronica,
589 2894 637 2924 IX,
659 2901 680 2918 1.
1102 2894 1181 2917 zione
1202 2892 1277 2915 della
1297 2893 1423 2922 materia,
1445 2892 1495 2915 che
1515 2899 1614 2915 manca
1636 2892 1709 2916 nelle
1730 2893 1872 2916 redazioni
1895 2899 1995 2915 mano·

245 2935 255 2950 ⁵
274 2936 362 2961 Come
380 2935 394 2960 'e
415 2937 460 2960 nel
481 2936 596 2961 Cortusi
621 2935 775 2968 (Chronica,
794 2935 842 2966 IX,
867 2935 900 2966 ι),
921 2935 979 2959 cosi
1002 2943 1049 2958 an-
1105 2936 1210 2959 scritte.

159 2979 208 3003 che
227 2979 302 3002 nella
322 2980 449 3010 presente
469 2980 638 3010 genealogia
653 2978 673 3001 il
694 2979 829 3002 racconto
850 2977 925 3001 della
945 2984 1051 3000 succes·
1190 2974 1200 2989 6
1218 2975 1306 2998 'rutto
1328 2975 1348 2998 il
1370 2976 1503 2998 rat-conto
1519 2975 1563 2998 del
1577 2983 1705 3007 governo
1721 2975 1747 2998 di
1762 2975 1867 3006 Iacopo
1887 2973 1901 2998 “e
1919 2975 1993 2998 tolio

102 3028 133 3046 ιο
159 3022 241 3045 sione
261 3021 287 3044 di
309 3021 483 3045 Marsilietto
503 3028 517 3044 e
538 3021 564 3044 di
586 3021 689 3052 Iacopo
711 3020 738 3044 fa
758 3021 870 3052 seguito
891 3019 948 3042 alla
969 3020 1050 3042 noti-
1106 3016 1253 3049 pressoclie
1273 3017 1479 3041 letteralmente
1498 3018 1543 3040 dai
1566 3017 1682 3042 Cortusi
1702 3018 1846 3050 (Cromzca,
1866 3018 1911 3049 IX,
1935 3018 1968 3049 2).

2025 2937 2054 2963 15
