2422 3684
489 243 659 278 GESTA
688 244 992 279 MAGNIFICA
1021 244 1206 279 DOMUS
1235 246 1624 282 CARRARIENSIS
1923 251 1965 285 81

455 376 597 408 REDAZ.
622 375 653 406 A
1455 378 1593 410 REDAz.
1619 379 1654 411 D

133 458 205 479 rem
227 448 402 480 incutetur
424 447 592 484 timorem,
617 446 713 479 cuius
741 452 864 489 gentes
887 447 975 478 Tar·
1134 459 1222 491 gnor
1245 450 1372 481 mesier
1395 450 1589 482 Francesco
1614 452 1657 482 da
1673 452 1833 490 Carrara,
1850 453 1880 483 01
1898 453 1978 493 qual

132 501 279 532 visinum
304 500 368 532 iam
393 500 501 532 solum
534 498 770 535 devastabant,
796 509 858 540 per
882 499 977 542 lega-
1135 503 1313 534 stimolava
1331 504 1387 544 pisi
1403 504 1434 534 el
1450 505 1606 545 proximo
1621 506 1775 536 exercito
1794 506 1850 536 del
1870 517 1906 536 1-0
1931 506 1974 537 de

132 560 185 586 tos
207 565 286 586 suos
309 555 398 586 inter
414 564 450 584 se
467 559 502 585 et
524 553 743 585 Ludovicum
762 553 977 585 brandebur-
1136 555 1322 598 Hongariffi
1347 557 1380 587 la
1402 563 1507 599 gente
1532 557 1588 589 del
1613 559 1692 599 qual
1717 569 1776 590 era
1808 559 1847 601 ςέι
1877 569 1915 589 su
1947 558 1978 589 el

130 618 271 650 gensem
295 607 530 639 marchionem
556 606 747 648 perquisito
773 606 975 642 concordio,
1064 604 1080 634 5
1135 615 1252 640 terren
1267 610 1421 647 trivisan‚
1438 611 1563 642 mando
1580 611 1630 642 soi
1647 611 1845 642 ambaxaori
1869 622 1888 642 a
1905 621 1980 642 cer-

131 667 279 693 eastrum
303 660 470 697 Percinis,
494 660 550 691 cui
574 666 738 701 preerant
762 661 903 702 quidam
928 661 976 690 ci-
1136 661 1218 691 char
1231 661 1396 694 d’acordo
1409 662 1498 694 intro
1511 663 1559 694 lui
1571 669 1604 694 et
1616 663 1980 706 Lodovigo,marche-

130 714 182 745 vis
214 721 369 755 patavus,
400 714 606 745 Franciscus
633 713 785 756 Fugaca‚
817 723 977 754 parmen-
1134 723 1175 744 xe
1200 715 1243 746 de
1267 715 1553 758 Brandenburgo,
1568 721 1602 747 et
1618 716 1645 747 si
1666 718 1696 747 ie
1714 716 1770 748 de'
1787 717 1818 747 el
1837 716 1978 748 castello

129 767 228 810 sique
258 766 344 798 alius
376 766 542 798 Albertus
572 766 746 803 Marmita,
778 767 840 797 sub
870 767 974 798 certis
1134 769 1178 800 de
1196 769 1361 811 Percene,
1378 768 1433 800 del
1447 769 1528 811 qual
1541 780 1600 801 era
1616 769 1791 811 capitanio
1808 781 1854 801 un
1870 770 1977 801 Fran-

126 820 223 861 pacis
246 825 280 851 et
296 820 423 851 amoris
439 819 550 861 pactis
574 825 607 850 et
631 819 842 850 condicione
861 819 973 850 eidem
1134 832 1236 853 cesco
1254 823 1402 864 Fugaca,
1421 822 1554 854 citadin
1578 833 1702 864 pavan,
1726 829 1762 855 et
1783 834 1829 854 un
1854 822 1978 854 Alber-

128 873 273 904 tradidit
289 872 494 904 marchioni.
527 872 655 914 Sicque
672 883 714 903 ex
733 872 836 914 longa
851 883 976 915 guerra
1043 870 1080 899 lO
1134 875 1218 907 tollo
1236 875 1397 906 Marmita
1415 877 1458 906 da
1474 876 1608 907 Parma.
1657 877 1702 908 Et
1719 876 1789 908 cosi
1806 887 1872 908 con
1889 877 1975 908 certi

128 936 197 967 pax
220 932 253 957 et
277 925 470 957 concordia
493 931 613 957 secuta
638 931 699 956 est.
1134 927 1228 968 pacti
1243 933 1279 958 et
1302 926 1488 958 condicion
1512 928 1549 958 fo
1575 927 1733 959 fermado
1758 938 1853 958 amor
1880 933 1933 959 tra
1952 928 1976 958 il

1135 980 1231 1011 dicto
1250 980 1426 1013 marchese
1453 981 1495 1011 de
1519 980 1795 1023 Brandenburgo
1821 992 1838 1012 e
1856 981 1878 1012 ’1
1902 992 1972 1012 ma-

1133 1032 1258 1076 gnifico
1274 1033 1391 1075 signor
1406 1044 1519 1064 meser
1536 1033 1730 1065 Francesco
1755 1033 1799 1066 da
1816 1034 1974 1066 Carrara.

215 1139 289 1170 208.
319 1157 354 1161 —
380 1138 592 1176 Lodovicus,
614 1148 676 1169 rex
699 1138 888 1179 Hungarie‚
912 1149 973 1180 pre
1222 1140 1296 1170 208.
1311 1159 1350 1162 —
1366 1140 1559 1183 Lodovigo,
1571 1151 1608 1172 re
1623 1141 1666 1172 de
1681 1141 1868 1184 Hongaria,
1885 1141 1977 1182 [por-

125 1192 233 1223 oculis
256 1202 392 1233 semper
416 1197 451 1224 et
473 1198 586 1223 mente
609 1201 733 1233 gerens
758 1192 880 1223 vulnus
912 1203 972 1233 pu·
1042 1186 1078 1216 15
1133 1193 1249 1233 tando]
1267 1204 1401 1234 sempre
1426 1195 1526 1236 03001
1553 1195 1584 1225 31
1609 1194 1687 1225 00111
1714 1195 1746 1225 01
1763 1195 1864 1236 colpo
1882 1196 1975 1227 della

126 1245 221 1276 doris
236 1244 255 1284 ¹,
273 1246 368 1287 quod
383 1256 403 1276 a
419 1245 564 1276 Venetis
581 1245 722 1287 fugatus
739 1251 818 1276 ante
836 1245 972 1277 Iadrarn
1132 1254 1321 1287 vergogna,
1345 1245 1408 1276 che
1434 1246 1501 1276 ello
1534 1245 1659 1276 receve
1692 1245 1746 1277 dai
1780 1247 1975 1278 Veneciani

124 1303 322 1340 acceperat,
339 1299 420 1330 dum
439 1309 514 1329 eam
531 1297 682 1329 liberare
700 1298 848 1330 venisset
862 1299 974 1330 obses·
1133 1299 1234 1341 nanci
1258 1310 1278 1330 a
1301 1299 1402 1343 Cara,
1429 1300 1460 1330 13
1484 1300 1563 1341 qual
1589 1299 1655 1330 ello
1679 1311 1738 1331 era
1769 1301 1921 1343 vignudo
1954 1310 1974 1330 a

124 1361 207 1388 sam,
220 1351 498 1383 incumbentibus
510 1350 656 1382 Venetis
670 1351 775 1392 ipsius
789 1351 972 1389 obsidioni,
1131 1352 1256 1383 liberm·
1274 1363 1372 1384 como
1389 1362 1447 1383 soa
1465 1359 1558 1384 terra
1572 1353 1627 1383 dai
1642 1353 1844 1390 Veneciani‚
1859 1353 1925 1384 0110
1941 1354 1974 1384 10

125 1405 169 1435 de
192 1404 370 1447 Hungaria
393 1404 514 1436 statuit
529 1404 564 1434 in
582 1404 687 1445 ipsius
704 1404 846 1445 pudoris
871 1405 973 1436 ultio·
1131 1405 1241 1436 havea
1258 1405 1415 1437 l'assedio
1432 1407 1582 1443 intorno,
1600 1417 1636 1437 50
1654 1408 1800 1448 despose
1820 1406 1863 1438 de
1878 1407 1972 1438 Hun-

122 1467 200 1488 nem
225 1463 349 1489 contra
372 1457 526 1488 Venetos
558 1463 593 1488 et
621 1467 737 1488 eorum
763 1457 971 1498 districtum,
1036 1453 1077 1483 20
1131 1459 1228 1499 garia
1249 1458 1447 1492 desmontar
1471 1467 1591 1491 contra
1614 1460 1624 1490 i
1649 1461 1837 1491 sovradicti
1861 1461 1975 1492 Vene-

122 1509 271 1542 ubilibus
306 1511 542 1548 constitutum,
586 1511 801 1542 descendere
842 1517 971 1541 armata
1131 1512 1220 1542 ciani
1246 1518 1280 1544 et
1304 1513 1385 1555 ogni
1410 1524 1446 1544 so
1471 1514 1656 1551 destrecto,
1681 1514 1843 1545 mectudo
1861 1514 1892 1544 0’
1909 1514 1974 1544 che

122 1573 237 1596 manu.
285 1562 393 1599 Quod
418 1570 543 1595 cuncta
567 1564 753 1604 previdens
771 1563 971 1606 magnificus
1131 1576 1166 1596 se
1179 1565 1323 1597 volesse.
1351 1567 1401 1598 La
1420 1566 1499 1608 qual
1516 1577 1595 1598 cosa
1611 1567 1643 1598 el
1660 1567 1841 1609 magnifico
1858 1567 1974 1609 signor

123 1617 282 1648 dominus
306 1617 512 1648 Franciscus
535 1616 578 1649 de
603 1617 774 1654 Carraria,
806 1627 869 1658 per
893 1629 971 1648 suos
1130 1619 1254 1650 mesier
1277 1619 1472 1651 Francesco
1499 1621 1543 1651 da
1571 1620 1730 1656 Carmm,
1755 1630 1854 1652 como
1882 1621 1973 1652 colui

123 1669 254 1712 legatos
289 1670 429 1708 instans,
456 1670 647 1711 periculum
683 1670 797 1701 ducali
836 1670 971 1711 aperuit
1131 1673 1194 1704 che
1220 1671 1264 1703 ad
1288 1673 1367 1715 ogni
1392 1683 1472 1704 cosa
1495 1673 1680 1714 provedea‚
1712 1684 1774 1714 per
1797 1684 1834 1704 so
1858 1674 1973 1705 amba-

122 1723 274 1754 dominio
306 1723 538 1755 Veneciarum
567 1729 792 1766 paratumque
825 1735 859 1755 se
893 1735 969 1755 cum
1034 1716 1074 1748 25
1128 1726 1223 1756 xaori
1249 1725 1295 1757 fe’
1315 1737 1411 1758 saver
1430 1726 1496 1757 alla
1519 1726 1670 1768 signoria
1693 1727 1735 1758 de
1761 1727 1913 1758 Venesia
1940 1728 1970 1758 el

120 1777 190 1808 suis
213 1777 375 1819 gentibus
399 1783 432 1809 et
459 1778 533 1808 eius
564 1788 721 1818 persona,
752 1777 811 1808 ubi
842 1776 970 1809 Veneti
1128 1779 1294 1822 perigolo‚
1320 1781 1385 1811 che
1410 1791 1479 1817 era,
1505 1786 1539 1811 et
1561 1782 1625 1811 che
1651 1781 1718 1811 ello
1735 1791 1794 1811 era
1811 1782 1971 1822 apparia-

122 1830 153 1861 ei
177 1830 287 1862 eciam
311 1831 420 1862 velint
443 1830 603 1872 gentibus
626 1831 811 1873 sufragzxri,
843 1831 971 1862 adven-
1130 1833 1174 1865 do
1198 1844 1263 1864 eon
1289 1834 1319 1864 13
1342 1845 1402 1865 503
1426 1845 1575 1875 persona
1600 1841 1634 1866 et
1657 1845 1722 1866 con
1748 1835 1777 1866 10
1801 1845 1838 1866 50
1855 1841 1970 1876 gente,

121 1883 208 1914 tanti
231 1884 305 1926 regi
329 1889 363 1914 et
394 1883 467 1914 eius
499 1884 656 1914 exercitu
688 1884 817 1914 aditum
852 1884 969 1915 dioce-
1128 1885 1158 1916 o'
1184 1885 1247 1916 che
1272 1885 1327 1916 elli
1352 1885 1504 1916 etiandio
1528 1895 1571 1927 ge
1597 1886 1674 1917 voia
1692 1887 1753 1917 dar
1769 1896 1908 1918 socorso
1926 1886 1970 1918 de

119 1935 180 1967 sim
197 1937 233 1967 in
257 1937 457 1968 trivisanam
474 1937 643 1968 inhibere.
685 1937 756 1969 Sed
782 1937 965 1979 benignam
1128 1945 1242 1981 gente,
1267 1938 1374 1970 vedar
1390 1940 1420 1970 al
1439 1950 1474 1969 re
1492 1945 1525 1970 et
1548 1939 1578 1971 al
1597 1950 1634 1971 50
1653 1941 1807 1971 exercito
1827 1940 1891 1972 che
1912 1940 1969 1971 elli

119 1989 224 2030 ipsius
254 1990 385 2021 domini
422 1991 603 2022 Francisci
635 1991 865 2032 legacionem,
896 1991 968 2022 eius
1032 1984 1073 2015 30
1127 2001 1171 2022 no
1206 1991 1290 2031 por-21
1324 1991 1438 2033 vignir
1468 1991 1504 2022 in
1534 1992 1729 2022 Trivisana.
1775 1992 1835 2023 Ma
1872 1992 1967 2032 quilii

121 2043 226 2075 verba
251 2049 286 2075 et
317 2044 443 2082 oblata,
471 2044 599 2076 Veneti
631 2044 726 2086 quasi
758 2045 967 2086 superfluam
1128 2041 1172 2072 (13
1207 2041 1359 2073 Venesia
1393 2051 1428 2072 se
1465 2042 1559 2073 hefft>
1596 2042 1650 2073 del
1686 2044 1806 2084 signor
1843 2043 1967 2073 mesier

121 2096 284 2134 derisere,
309 2103 468 2139 potentes
491 2109 527 2129 50
552 2104 746 2129 asserentes
777 2098 871 2130 dicto
894 2098 967 2140 regi
1128 2096 1335 2133 Francesco,
1348 2095 1438 2126 della
1463 2106 1522 2127 503
1539 2096 1730 2127 ambaxada
1749 2103 1782 2127 et
1799 2096 1890 2128 delle
1908 2106 1966 2127 soe

119 2155 154 2180 et
178 2149 250 2181 eius
273 2150 415 2188 viribus,
439 2151 497 2182 001
522 2151 722 2189 descendat,
747 2151 899 2183 obviare.
914 2161 966 2181 50-
1126 2159 1312 2190 promesse‚
1337 2149 1431 2190 quasi
1458 2149 1520 2180 che
1546 2149 1612 2180 elle
1640 2150 1734 2182 fosse
1770 2156 1854 2181 tutte
1887 2160 1967 2181 cose

118 2202 219 2245 laque
244 2204 426 2246 legacione
451 2205 523 2236 eius
547 2204 745 2242 adventum,
770 2205 827 2236 ubi
857 2205 966 2234 eciam
1126 2200 1303 2242 dhvanco,
1329 2200 1481 2242 digando
1514 2201 1579 2232 che
1611 2202 1670 2233 elli
1702 2213 1760 2232 era
1790 2202 1857 2233 ben
1889 2210 1968 2242 pos-

119 2255 334 2288 descendere
367 2259 594 2298 concepisset,
625 2258 814 2298 retardare,
845 2257 966 2288 imme-
1030 2250 1070 2281 35
1124 2254 1212 2285 senti
1229 2255 1272 2285 ad
1290 2253 1409 2285 obvias
1426 2255 1458 2285 al
1476 2254 1568 2286 dicto
1595 2266 1630 2286 re
1649 2260 1683 2286 et
1700 2255 1764 2287 alle
1781 2266 1840 2286 soe
1859 2255 1966 2297 force,

118 2319 231 2341 mores
255 2316 419 2352 quantum
443 2311 507 2342 sibi
538 2311 662 2342 iniurie
695 2322 756 2342 rex
779 2311 967 2347 ascivisset,
1126 2306 1156 2338 θ’
1182 2307 1244 2338 che
1271 2307 1337 2338 ello
1361 2307 1438 2338 voia
1463 2307 1573 2349 vignir
1589 2307 1623 2338 in
1642 2307 1836 2346 Trivisana,
1853 2313 1888 2338 et
1907 2318 1966 2338 an-

119 2363 212 2404 quod
236 2364 365 2395 Veneti
390 2364 455 2405 ipsi
477 2375 593 2406 regem
619 2365 731 2406 ipsum
755 2365 889 2396 cunctis
916 2375 967 2395 se-
1125 2360 1232 2392 chora
1256 2370 1320 2391 con
1345 2371 1412 2391 0113
1435 2371 1495 2392 503
1525 2360 1596 2392 5013
1624 2361 1815 2393 ambaxada
1847 2362 1889 2392 de
1915 2371 1968 2392 re-

119 2415 189 2447 culi
216 2417 433 2458 principibus
464 2418 696 2449 diffamarant.
743 2417 821 2449 Hoc
850 2424 965 2449 tamen
1125 2414 1241 2446 tardat
1258 2413 1290 2444 la
1306 2424 1365 2445 soa
1382 2414 1541 2455 vignuda,
1561 2424 1602 2445 no
1625 2414 1800 2446 habiando
1818 2425 1837 2444 a
1854 2419 1965 2444 mente

118 2478 188 2500 non
212 2469 383 2507 obstante,
407 2481 484 2502 cum
508 2482 571 2512 per
593 2482 681 2511 suos,
706 2482 791 2513 quos
814 2472 967 2513 magnifi-
1125 2469 1276 2500 anchora
1300 2474 1428 2509 quanta
1450 2468 1583 2510 10011113
1608 2468 1665 2499 0111
1691 2469 1799 2499 havea
1823 2468 1916 2499 facto
1934 2468 1966 2497 al

120 2532 180 2554 cus
203 2521 365 2555 dominus
387 2524 596 2556 Franciscus
621 2526 664 2556 de
689 2530 782 2555 motu
805 2535 966 2555 sensuros
1031 2515 1070 2545 40
1125 2521 1219 2553 dicto
1243 2532 1291 2558 re,
1316 2522 1380 2552 che
1407 2521 1465 2552 elli
1489 2521 1522 2552 10
1540 2521 1649 2552 113νο3
1666 2520 1844 2552 diiamado
1861 2520 1964 2561 031101

119 2575 205 2607 dicti
239 2577 332 2619 regis
364 2577 398 2608 in
434 2578 647 2620 Hungariam
684 2577 834 2610 habebat
850 2577 869 2614 ¹,
901 2579 966 2609 sibi
1112 2585 1144 2612 ⁴a
1168 2574 1245 2606 tutti
1270 2574 1279 2605 i
1304 2574 1455 2615 principi
1480 2574 1536 2605 del
1562 2575 1698 2605 mondo·
1747 2573 1879 2611 QuestO
1908 2584 1965 2604 an-

119 2630 346 2662 certificatum
369 2631 461 2663 foret
478 2632 521 2663 de
538 2632 671 2673 ingenti
689 2632 780 2674 regis
797 2637 964 2673 apparatu
1124 2628 1232 2658 chora
1254 2638 1298 2658 no
1315 2627 1482 2660 obstando
1507 2634 1541 2658 et
1562 2628 1738 2659 habiando
1756 2629 1786 2659 01
1805 2627 1964 2669 predicto

120 2688 155 2714 et
189 2684 295 2715 celeri
325 2684 370 2715 ad
400 2691 528 2716 motum
561 2685 803 2726 expedicione,
834 2685 966 2726 placuit
1124 2681 1306 2722 magnifico
1333 2681 1450 2722 signor
1466 2682 1591 2712 mesier
1608 2681 1801 2712 Francesco
1820 2682 1863 2712 da
1881 2680 1963 2711 Car-

209 2803 233 2827 9.
254 2794 343 2829 pacis]
364 2798 455 2828 pactis
477 2798 513 2820 11]

210 2950 216 2965 ¹
238 2951 374 2980 CORTUS„
396 2953 534 2980 Chronica,
548 2953 594 2979 XI.
609 2952 638 2976 S:
662 2952 861 2981 “Ludovitrtis,
883 2960 931 2975 rex
953 2953 1007 2975 Un—
1065 2951 1077 2963 “
1090 2952 1162 2974 raria
1184 2952 1308 2975 munivit
1326 2959 1422 2975 omnes
1442 2959 1540 2983 passus
1553 2969 1558 2976 .
1572 2971 1594 2975 ..
1615 2954 1641 2975 et
1661 2953 1746 2974 eiiam
1769 2951 1891 2974 nobilem
1906 2952 1958 2973 mi-
1988 2957 1998 2980 5

121 2993 247 3024 “garine²
268 2994 336 3017 odio
352 3001 455 3026 magno
470 2994 593 3018 Venetos
607 2995 705 3018 odibat
725 2996 841 3026 propter
857 2994 974 3017 Zasiram
988 3011 1009 3023 η.

207 3034 217 3050 ²
235 3036 369 3066 CORTUS.=
393 3037 530 3068 Chronica,
551 3037 598 3066 XI,
619 3038 649 3060 δι
672 3037 865 3060 “Franciscus
887 3037 918 3060 de
941 3036 1007 3059 Cain

1068 2994 1079 3006 ‘⁴
1092 2995 1128 3017 sit
1143 2994 1313 3025 legationem
1329 3002 1389 3017 cum
1406 2995 1566 3017 muneribus
1581 2995 1606 3017 10
1622 2995 1693 3024 regis
1705 3000 1860 3016 occursum.
1880 2993 1956 3015 Hanc

1068 3039 1078 3048 ‘⁴
1093 3043 1140 3059 rex
1161 3043 1252 3059 secum
1273 3036 1369 3059 habuit
1391 3036 1545 3060 honorifice
1567 3038 1593 3060 et
1614 3037 1736 3066 benigne
1748 3052 1770 3065 „.

251 3151 283 3176 T.
303 3151 390 3182 XVII,
409 3159 434 3183 p.
458 3159 476 3181 1,
497 3152 553 3176 vol.
575 3158 597 3175 11
617 3166 648 3170 —
669 3151 684 3175 6
