2422 3684
431 1251 494 1274 ΠΗ)
515 1243 669 1278 heroum,
692 1241 910 1283 magnanime
934 1240 1121 1273 Francisce
1137 1240 1252 1271 iunior
1269 1240 1312 1271 de
1339 1239 1510 1276 Carraria,
1527 1243 1639 1280 potest
1655 1243 1725 1269 tam
1743 1236 1827 1268 mihi
1843 1236 1980 1277 precio-

450 1307 523 1328 sum
554 1306 640 1332 esse,
671 1295 765 1336 quod
797 1304 860 1335 pro
895 1300 964 1325 tam
999 1293 1103 1325 multa
1142 1293 1329 1324 officiorum
1362 1291 1570 1323 liberalitate
1612 1289 1886 1333 magnanimitati
1925 1295 1979 1320 tue

451 1360 575 1391 equum
600 1347 801 1379 exsolvam?
827 1346 908 1384 Qui,
933 1357 1009 1377 cum
1034 1352 1067 1377 te
1092 1346 1279 1387 peritorum
1307 1345 1472 1386 cuiusque
1498 1344 1674 1375 facultatis
1691 1349 1830 1385 stupent
1854 1342 1980 1379 acervi,

451 1401 651 1444 spectabilis
664 1401 805 1432 militum
819 1401 1014 1431 circumstet
1030 1399 1212 1430 multitudo
1228 1404 1261 1429 et
1275 1408 1456 1429 numerosa
1469 1397 1633 1429 nobilium
1647 1402 1696 1428 tot
1710 1396 1836 1427 civium
1855 1406 1982 1437 pompa

94 1457 110 1486 5
259 1492 309 1495 —
453 1460 606 1491 coronet,
630 1464 737 1484 meam
768 1464 835 1484 uon
859 1460 1060 1494 aspernatus
1085 1452 1323 1487 humilitatem,
1342 1452 1495 1482 futurum
1521 1451 1577 1481 vix
1602 1450 1791 1491 cuiuspiam
1819 1460 1861 1480 ex
1885 1448 1981 1491 cogi-

142 1515 222 1547 tatu,
248 1519 318 1541 non
342 1520 385 1540 ex
407 1508 530 1539 virtute
554 1518 641 1543 mea,
665 1507 726 1537 sed
752 1517 793 1537 ex
810 1513 867 1537 tua
890 1512 1017 1547 tueque
1042 1505 1268 1536 famosissime
1293 1504 1413 1535 domus
1436 1504 1554 1534 innata
1570 1503 1711 1545 pietate,
1729 1502 1814 1533 senii
1831 1502 1896 1533 mei
1921 1501 1982 1532 mi-

140 1569 249 1595 sertus
272 1573 308 1594 es
332 1573 400 1593 nou
426 1562 536 1592 minus
561 1570 661 1602 quam
688 1559 862 1591 validioris
887 1559 988 1590 etatis
1019 1558 1157 1590 inclitus
1189 1564 1265 1588 tuus
1296 1558 1354 1588 ille
1388 1567 1513 1598 pareus
1539 1556 1747 1587 Frauciscus
1779 1555 1904 1587 Senior
1936 1554 1979 1585 de

144 1615 314 1653 Carraria,
338 1615 406 1652 eui,
431 1620 596 1656 quantum
619 1612 756 1651 ambiat,
783 1623 846 1644 nec
871 1612 1017 1643 similem
1043 1617 1161 1643 noster
1185 1611 1278 1642 orbis
1301 1611 1448 1652 aspexit,
1473 1620 1548 1646 nec,
1574 1609 1654 1640 dum
1681 1609 1818 1640 ardebit
1848 1608 1979 1639 solidus

142 1669 272 1709 humus,
289 1675 445 1699 naturam
463 1678 612 1709 unquam
630 1666 784 1707 perferet
802 1666 971 1707 equalem.
1004 1663 1070 1695 Cui
1087 1670 1182 1696 tanto
1202 1663 1312 1706 magis
1330 1669 1363 1695 et
1379 1664 1453 1704 ipse
1471 1662 1619 1703 deberis,
1638 1667 1765 1703 quanto
1782 1671 1826 1692 ex
1842 1671 1982 1703 magna-

83 1723 120 1754 10
143 1722 308 1754 nimitatis
332 1732 392 1753 sue
415 1721 521 1764 gestis
545 1720 673 1752 sectior
697 1719 758 1751 tibi
782 1720 827 1750 ad
852 1718 961 1761 glorie
988 1718 1161 1750 cumulum
1185 1718 1281 1748 limes
1306 1722 1460 1758 apparet,
1485 1726 1549 1747 nec
1573 1721 1670 1747 tanta
1686 1721 1796 1746 satum
1821 1713 1983 1756 prosapia

142 1776 215 1817 ipse
238 1775 326 1807 velis
348 1773 478 1816 poteris
502 1772 649 1804 inficiari
674 1772 864 1814 preclaram
888 1771 1076 1803 iuventutis
1100 1776 1157 1802 tue
1173 1770 1324 1801 indolem
1350 1768 1526 1805 senilibus,
1551 1768 1608 1810 qui
1634 1770 1768 1800 tociens
1792 1767 1983 1799 factoribus

145 1827 336 1861 ostendisti.
368 1827 439 1860 Sed
464 1837 531 1869 que
557 1833 610 1858 est
627 1832 694 1857 tam
711 1825 848 1866 expleta
873 1825 988 1862 virtus,
1007 1835 1109 1866 quam
1126 1823 1259 1865 absque.
1280 1822 1478 1864 scripturali
1504 1821 1670 1853 memoria
1693 1821 1875 1852 vetustatis
1893 1830 1983 1851 mor--

145 1893 200 1914 sus
223 1887 394 1923 postreme
413 1891 481 1912 non
496 1878 697 1921 extinguat!
715 1878 886 1911 Constitui
904 1879 1032 1919 itaque,
1050 1888 1119 1909 non
1137 1877 1230 1919 quod
1248 1883 1314 1908 tam
1333 1876 1457 1917 exiguo
1476 1874 1625 1906 cocleari
1643 1880 1709 1905 tam
1735 1874 1857 1916 ingens
1881 1883 1982 1914 posse

145 1945 280 1976 sperem
303 1934 449 1977 pelagus
473 1943 656 1970 evacuare,
681 1932 743 1963 sed
769 1933 811 1963 de
830 1931 1092 1973 magnificencie
1109 1936 1166 1961 tue
1184 1930 1300 1971 gestis,
1318 1935 1481 1972 quantum
1502 1927 1647 1969 prebeat
1671 1927 1792 1958 virium
1818 1927 1981 1963 calamus,

86 1989 122 2020 15
148 1999 300 2020 exarare.
347 1987 404 2019 Ad
427 1988 531 2030 quod,
557 1987 637 2017 dum
661 1987 775 2026 aptior
799 1996 834 2016 se
860 1985 960 2016 stilus
984 1984 1198 2021 accomodet,
1224 1990 1343 2024 patere
1368 1983 1514 2013 obsecro
1547 1981 1694 2022 paucula
1725 1981 1885 2023 quedam,
1917 1990 1981 2022 que

147 2043 189 2074 de
214 2049 347 2074 tuorum
371 2041 572 2072 strenuitate
598 2040 751 2081 priorum
775 2039 856 2070 hinc
880 2039 962 2070 inde
987 2049 1108 2080 sparsa
1141 2037 1279 2080 collegi,
1311 2036 1458 2077 quodam
1492 2034 1586 2076 quasi
1622 2045 1663 2064 ex
1687 2035 1809 2065 funere
1834 2039 1933 2075 rapta
1966 2043 1985 2064 a

146 2096 299 2127 tenebris
323 2095 359 2126 in
383 2095 496 2125 lucem
521 2094 709 2130 adducere,
734 2104 800 2134 quo
826 2091 967 2133 posteri,
993 2092 1076 2123 dum
1099 2101 1237 2122 suorum
1261 2097 1360 2132 gesta
1385 2088 1609 2130 perlegerint,
1632 2087 1722 2119 avite
1753 2087 1890 2118 virtutis
1914 2086 1983 2118 cal-

147 2149 281 2180 caribus
303 2148 419 2180 adacti
443 2147 574 2178 animos
599 2147 735 2189 erigant
759 2147 803 2177 ad
827 2145 992 2188 ingencia
1017 2144 1261 2186 promptiores.
1310 2143 1463 2174 paucula
1488 2142 1622 2182 loquor,
1642 2151 1718 2172 cum
1743 2140 1822 2171 hinc
1846 2145 1979 2181 partem

147 2211 258 2233 rerum
282 2202 439 2242 varietas,
464 2201 546 2231 inde
570 2199 779 2240 scriptorum
803 2199 918 2240 iuopia
942 2209 1078 2240 magna,
1102 2198 1185 2228 inde
1211 2203 1343 2237 partem
1362 2201 1554 2236 temporum
1573 2194 1765 2225 aboleverit
1780 2194 1978 2234 antiquitas,

84 2255 125 2286 20
147 2255 310 2287 maiorem
334 2261 458 2291 tamen,
484 2260 518 2285 ut
542 2263 602 2285 suo
626 2253 705 2284 loco
723 2252 942 2295 distinguam,
969 2251 1114 2282 navallis
1137 2250 1197 2281 illa
1221 2250 1401 2281 heroidum
1420 2248 1692 2280 Carrariensium
1712 2247 1939 2288 periclitacio,
1964 2257 1984 2277 a

148 2319 215 2350 qua
238 2314 372 2339 nostros
395 2312 596 2348 porrectum
622 2307 665 2338 ad
689 2317 794 2348 usque
820 2305 896 2337 dies
921 2305 1139 2336 dominarum
1164 2313 1290 2346 gurges
1315 2312 1438 2333 nomen
1463 2301 1612 2341 accepit.
1650 2299 1756 2337 Quod
1780 2301 1817 2336 si,
1843 2310 1983 2340 magna-

147 2362 237 2393 nime
260 2362 372 2399 heros,
397 2361 487 2392 forte
512 2360 656 2396 miraris,
681 2370 742 2390 cur
766 2359 934 2390 illustrem
959 2364 1010 2390 tot
1034 2363 1113 2389 ante
1136 2357 1252 2389 secula
1276 2354 1548 2388 Carrariensium
1566 2355 1791 2396 propaginem
1815 2353 1851 2384 in
1868 2353 1984 2384 medio

152 2424 370 2456 prorumpam
396 2425 546 2453 avorum,
571 2414 706 2445 veniam
731 2412 794 2444 sibi
828 2413 955 2444 veritas
987 2412 1198 2447 adinveniat,
1230 2410 1324 2452 quod
1354 2407 1600 2440 intellectualis
1632 2413 1747 2438 noster
1771 2407 1891 2438 oculus
1914 2417 1984 2438 non

152 2468 260 2510 magis
284 2479 303 2498 a
327 2467 429 2510 longe
454 2467 612 2510 sagictat.

87 2537 127 2570 25
917 2537 942 2568 Ι.
967 2553 1008 2558 -
1034 2534 1220 2578 [Litolfus].

242 2620 268 2651 l.
291 2619 346 2659 [2].
370 2636 410 2641 —
434 2618 584 2650 Primum
608 2618 711 2660 igitur
734 2616 887 2649 obtineat
911 2617 1055 2658 gradum
1080 2614 1311 2656 antiquorum,
1336 2613 1393 2655 qui
1418 2611 1525 2643 michi
1548 2611 1679 2653 primus
1697 2611 1860 2649 occurrit,
1877 2611 1987 2642 domi-

149 2682 212 2703 nus
234 2672 389 2712 Litolfus‚
414 2682 457 2703 ex
479 2681 607 2714 genere
631 2671 738 2702 nobili
764 2670 1048 2705 Carrarstmsium,
1074 2667 1238 2699 videlieet
1269 2677 1311 2697 ex
1342 2666 1445 2707 stirpe
1479 2671 1623 2701 vetusta,
1654 2665 1759 2696 multa
1784 2675 1884 2705 opum
1910 2675 1988 2705 pre-

149 2730 270 2765 potens
293 2724 489 2762 affluencia,
515 2724 618 2756 castri
644 2723 804 2755 Carrarie
829 2722 997 2758 dominus,
1024 2721 1078 2752 cui
1104 2720 1196 2752 servi
1221 2719 1320 2751 multi
1347 2719 1497 2756 fuerunt,
1514 2717 1640 2749 ancille
1664 2724 1697 2749 et
1724 2717 1871 2748 vassalli.
1920 2717 1985 2748 Hic

155 2778 347 2809 monasterii
372 2777 481 2809 sancti
505 2776 673 2818 Stephani
699 2777 742 2809 de
768 2776 930 2808 Carraria
954 2776 1121 2806 fundator
1145 2774 1241 2816 quasi
1265 2773 1352 2803 alter
1377 2772 1500 2808 extitit,
1524 2777 1591 2802 tam
1617 2772 1731 2802 multis
1755 2772 1864 2812 ipsum
1889 2771 1988 2801 dota-

90 2831 130 2862 30
154 2830 202 2861 vit
224 2830 343 2871 opibus
357 2830 377 2863 ¹.
417 2831 481 2862 Vir
504 2830 750 2872 magnanimuS‚
775 2830 904 2871 probus
920 2836 955 2861 et
971 2828 1096 2868 audax,
1122 2827 1241 2858 amicis
1265 2825 1454 2865 munificus,
1482 2824 1637 2856 hostibus
1661 2824 1767 2855 hostis
1784 2834 1875 2861 acer,
1893 2824 1989 2855 cuius

239 2940 248 2957 ²
265 2941 288 2964 Il
307 2942 501 2973 genealogista
519 2942 554 2966 ha
568 2949 743 2966 conoscenza
757 2942 885 2966 soltanto
900 2941 974 2964 della
989 2940 1039 2964 do·
1095 2940 1119 2964 A
1139 2939 1287 2962 dist'erenza
1307 2938 1335 2961 di
1357 2937 1456 2968 questi,
1477 2937 1618 2960 dimostra
1632 2936 1662 2959 di
1676 2943 1780 2960 averne
1796 2943 1851 2959 una
1866 2937 1989 2959 nozione

153 2983 272 3008 nazione
294 2990 305 3007 1
326 2983 418 3015 luglio
439 2990 504 3016 1027
525 2984 553 3007 di
573 2983 685 3008 Litolso
712 2984 736 3008 al
765 2986 929 3007 monastero
956 2983 984 3006 di
1011 2982 1038 3006 S.
1092 2982 1231 3013 genet-ica,
1252 2989 1267 3004 o
1288 2980 1398 3004 almeno
1420 2986 1503 3010 sopra
1523 2979 1551 3002 di
1572 2986 1632 3002 essa
1655 2985 1714 3002 non
1729 2980 1847 3002 esercita
1863 2978 1911 3010 piu
1926 2985 1988 3010 pro·
2019 2980 2032 3006 5

152 3024 268 3049 Stefauo
288 3026 316 3049 di
337 3023 464 3055 Carrara,
484 3026 699 3057 integralmente
724 3026 835 3050 riferita
863 3027 891 3049 in
920 3026 945 3048 Β
967 3033 981 3048 e
1011 3026 1040 3048 C.
1096 3024 1181 3047 fonda
1201 3024 1304 3054 esegesi
1325 3023 1423 3046 critica
1444 3023 1473 3045 iu
1496 3021 1580 3045 modo
1601 3022 1635 3045 da
1656 3021 1775 3045 dedurre
1795 3021 1865 3044 tutti
1879 3021 1919 3052 gli
1935 3021 1988 3044 ele-
