2422 3684
457 245 629 281 GESTA
658 234 968 281 MAGNIFICA
998 243 1182 280 Domus
1211 243 1606 279 CARRAR1EN·s1s
1902 245 1948 278 03

432 379 573 409 REDAZ.
598 376 630 408 A

105 459 150 480 no
167 448 173 463 ¹
200 455 355 490 tempore
372 448 552 480 infortunii
571 448 688 479 mortis
705 448 879 490 magnifici
899 449 949 479 Ia-

106 502 184 534 cobi
204 503 247 534 de
271 502 432 533 Carraria
448 501 566 533 solacii
588 502 697 543 gratia
715 501 874 532 etstudio
892 513 950 532 ve-

106 555 212 586 nandi
238 561 376 596 propter
400 555 591 596 proximum
614 554 739 585 festum
763 555 950 585 nativitatis

106 608 243 640 Domini
257 608 504 650 aliquantulum
517 618 551 638 se
564 613 647 639 tunc
662 608 853 648 protuierat
866 619 884 638 a
902 609 950 638 ci-

107 661 224 692 vitate.
237 661 378 692 Interim
392 659 569 691 Max-silius
585 660 712 698 infans,
730 660 818 691 filius
830 671 950 691 secun-

107 714 171 745 dus
184 714 358 756 magnifici
374 713 492 745 Iacobi
507 715 550 745 de
561 714 731 749 Carraria,
745 724 848 754 super
862 724 949 755 equo

106 768 240 808 positus
259 778 336 799 cum
359 767 552 809 insignibus
568 767 749 808 magnifice
768 768 888 798 domus
907 768 948 798 de

108 819 269 852 Carraria
293 820 466 852 nobilibus
491 820 615 851 ceteris
633 826 665 851 et
682 820 815 861 plebeis
831 820 949 850 Padue

107 873 288 905 comitatus
312 873 450 905 ducitur
481 874 524 904 ad
552 872 694 913 plateas.
740 872 864 914 Ibique
889 873 950 903 do-

107 937 197 957 mum
235 927 278 957 de
314 926 474 958 Carraria
509 927 626 957 vivere
661 926 877 968 generaliter
907 925 950 955 ab

107 978 265 1010 omnibus
296 979 544 1015 conclamatur,
583 988 731 1020 moxque
771 977 950 1009 destinatis

107 1032 242 1063 nunciis
265 1033 309 1062 ad
334 1031 449 1062 villam
473 1031 593 1072 Campi
618 1030 738 1063 Sancti
763 1030 856 1062 Petri
891 1031 950 1062 do-

107 1085 275 1116 minorum
300 1084 456 1116 Iacobini
479 1091 513 1116 et
537 1085 714 1116 Francisci
742 1084 836 1115 celer
852 1094 952 1126 roga—

106 1143 160 1169 tur
183 1137 361 1175 adventus,
386 1137 442 1179 qui
466 1138 578 1169 statim
597 1144 701 1169 nocte
718 1137 778 1168 illa
796 1148 871 1168 cum
890 1138 949 1168 do-

107 1190 178 1223 lore
213 1191 426 1232 permaximo
460 1191 613 1222 Paduam
647 1191 834 1222 acelerant.
883 1190 949 1221 Hic

108 1253 184 1275 cum
202 1244 374 1276 nobilibus
391 1250 424 1276 et
440 1243 574 1285 plebeis
592 1245 635 1275 de
653 1250 762 1275 morte
777 1244 949 1286 magnifici

108 1297 225 1329 Iacobi
241 1297 389 1339 gemitus
404 1297 647 1329 instaurantur.
696 1297 775 1328 Post
791 1307 868 1338 que,
895 1297 950 1327 die

108 1359 185 1381 xxu
209 1350 414 1387 decembris,
439 1356 613 1381 annuente
631 1352 758 1392 populo
780 1350 951 1387 universo,

107 1403 142 1434 in
160 1404 331 1435 concione
350 1403 492 1444 publica
515 1404 677 1434 vexillum
703 1404 861 1435 comunis
886 1403 950 1434 Pa-

108 1459 174 1488 due
198 1456 233 1487 in
259 1456 394 1498 signum
419 1456 561 1487 dominii
587 1457 734 1488 civitatis
758 1457 858 1487 datur
881 1467 952 1487 ma-

107 1509 248 1552 gnificis
272 1509 418 1541 dominis
442 1509 610 1540 Iacobino
635 1516 668 1541 et
693 1510 881 1541 Francisco
907 1509 950 1540 de

108 1562 276 1594 Carraria.
302 1561 372 1599 Qui
383 1563 425 1593 de
439 1562 582 1594 civitate
595 1562 644 1594 eis
659 1562 807 1594 fideliter
817 1569 951 1593 servata

108 1615 243 1647 debitas
266 1615 395 1657 populo
419 1621 533 1656 grates
549 1627 663 1659 egere,
681 1627 757 1647 cum
776 1616 861 1648 Deia
880 1615 952 1646 uxi-

108 1669 153 1701 lio
177 1679 298 1710 pacem
316 1675 349 1700 et
371 1668 543 1702 iusticiam
569 1668 727 1700 omnibus
750 1669 951 1700 offerentes.

201 2309 272 2340 185.
289 2326 332 2331 —
348 2309 450 2340 Auno
465 2308 595 2340 domini
614 2308 798 2340 millesimo
815 2314 950 2339 trecen-

109 2362 228 2394 tesimo
257 2362 540 2404 quinquagesimo
573 2362 738 2399 secundo,
774 2362 951 2393 exultante

109 2415 228 2447 Padua
255 2424 298 2446 ex
329 2415 505 2446 acrissima
536 2425 701 2446 novorum
734 2415 950 2445 dominorum

108 2469 245 2500 iusticia
269 2478 456 2509 eorumque
474 2468 641 2510 regimine
662 2469 832 2504 modesto,
856 2473 893 2499 ut
916 2468 949 2498 in

110 2521 242 2552 duobus
259 2521 311 2552 his
324 2521 419 2562 quasi
437 2521 655 2563 magnificum
673 2531 770 2552 suum
789 2520 949 2552 iacobum

92 2574 280 2615 <aspiceret
304 2575 507 2610 ammissum,
531 2574 575 2604 de
603 2584 720 2605 11101150
744 2574 861 2605 marcii
880 2574 951 2614 Op-

109 2628 198 2670 pico,
231 2627 374 2659 estensis
399 2627 551 2658 marchio
566 2627 587 2665 ²,
611 2627 829 2659 mortalitatis
852 2637 951 2668 erga-

109 2682 205 2713 stulis
229 2688 350 2713 exutus
380 2681 558 2712 beatorum
591 2681 741 2713 concilio
773 2686 951 2722 susceptus

202 3025 209 3043 ¹
229 3027 365 3056 Comum,
387 3027 526 3058 Chronica,
546 3028 578 3056 Χ,
599 3032 625 3058 5.

1020 866 1056 896 10

1020 1129 1055 1161 15

1016 1396 1056 1426 20

1016 1667 1055 1699 25

1016 1935 1056 1965 30

1017 2197 1056 2230 35

1016 2562 1056 2592 40

1430 377 1573 408 ΚΕΒΑΖ.
1598 376 1634 408 D

1109 449 1293 490 magnit-ico
1329 459 1366 480 so
1406 458 1499 489 pare,
1540 448 1677 479 Iacorno
1716 448 1760 478 da
1796 448 1952 487 Carrara,

1110 502 1239 532 inseme
1264 502 1319 533 001
1343 501 1525 543 magnifico
1558 510 1595 531 so
1620 500 1737 539 barba,
1766 500 1953 536 Iacomino‚

1111 564 1172 596 per
1197 565 1301 586 cason
1326 555 1368 585 de
1393 555 1526 595 piasere
1552 560 1585 585 et
1609 554 1652 585 de
1670 558 1784 596 solaco
1803 565 1838 585 se
1855 554 1953 585 trovb

1110 618 1203 640 esser
1227 609 1261 638 in
1287 609 1406 650 chaca,
1430 607 1458 639 si
1481 607 1636 639 etiandio
1662 617 1723 646 per
1741 608 1772 637 la
1797 607 1955 648 proxima

1111 661 1198 692 festa
1216 661 1307 692 della
1325 661 1468 692 nativita
1487 661 1543 692 del
1562 661 1687 692 Nostro
1713 661 1871 703 Siguese.
1911 660 1954 690 Ai

1110 714 1202 756 quali
1220 715 1394 745 Iacomino
1412 720 1445 745 et
1462 715 1659 746 Francesco
1677 713 1789 745 subito
1807 714 1843 744 fo
1860 724 1955 744 man-

1110 766 1193 798 dadi
1224 768 1324 798 messi
1358 767 1425 798 alla
1457 767 1535 798 villa
1561 768 1605 799 de
1638 767 1955 808 Camposampiero‚

1111 821 1175 851 che
1199 821 1446 851 incontenente
1470 830 1575 863 senca
1602 819 1740 852 indusia
1772 831 1864 851 esser
1896 821 1956 851 (10-

1110 884 1207 904 vesse
1229 884 1249 904 a
1274 873 1377 911 Pava,
1402 873 1598 916 facandoge
1623 885 1643 905 a
1673 885 1773 905 saver
1798 875 1829 905 el
1862 884 1954 910 caso,

1111 927 1176 957 che
1201 937 1345 959 occorso
1371 937 1439 967 era,
1455 927 1545 958 della
1569 934 1678 958 morte
1697 927 1752 959 del
1772 927 1954 969 magnifico

1112 979 1248 1011 Iacomo
1281 981 1324 1011 da
1356 980 1513 1012 Carrara.
1561 979 1735 1012 Nodimen
1768 980 1801 1010 in
1834 986 1954 1022 questo

1112 1043 1210 1075 111000
1234 1033 1388 1064 Marsilio
1413 1034 1458 1064 da
1483 1034 1641 1070 Carrara,
1659 1038 1755 1075 putto
1773 1033 1903 1074 picinin
1923 1039 1955 1064 et

1113 1086 1190 1116 fiolo
1226 1087 1379 1128 segondo
1414 1086 1471 1117 del
1509 1086 1694 1128 magnifico
1730 1087 1882 1122 laconio,
1918 1087 1954 1118 fo

1112 1140 1273 1170 mectudo
1298 1150 1376 1171 suso
1393 1151 1437 1170 un
1454 1149 1540 1181 gran
1558 1141 1726 1171 destriero
1751 1149 1816 1171 con
1842 1140 1955 1170 l'inse-

1110 1203 1177 1234 gne
1213 1192 1248 1222 in
1280 1193 1383 1224 dosso
1415 1192 1508 1224 della
1539 1203 1619 1224 casa
1651 1194 1694 1224 da
1726 1193 1887 1232 Carrzua,
1920 1200 1954 1224 et

1112 1246 1181 1277 cosi
1206 1246 1241 1277 fo
1266 1245 1413 1277 menado
1437 1246 1503 1277 alle
1521 1246 1630 1289 piace,
1648 1246 1818 1279 cridando
1834 1248 1953 1289 ugual-

1112 1305 1225 1330 mente
1250 1299 1326 1330 tutti
1359 1300 1368 1330 i
1402 1300 1544 1337 Pavani,
1579 1298 1650 1331 cosi
1678 1301 1689 1331 i
1721 1301 1827 1332 nobili
1853 1311 1952 1332 como

1112 1351 1121 1381 i
1145 1352 1307 1384 citadini:
1340 1353 1431 1390 Viva,
1458 1353 1534 1383 viva
1558 1354 1591 1384 la
1615 1364 1693 1384 casa
1715 1354 1760 1384 cla
1786 1354 1952 1386 Cam-ara.

1113 1404 1240 1441 Quella
1264 1411 1358 1436 notte
1382 1406 1527 1437 inste-ssa
1551 1417 1662 1438 venne
1687 1417 1706 1437 a
1730 1407 1824 1438 Pava
1849 1408 1858 1437 i
1883 1419 1954 1439 ma-

1111 1458 1224 1499 gnifici
1248 1459 1399 1489 Iacomin
1425 1465 1458 1490 et
1489 1460 1685 1491 Francesco
1719 1460 1762 1491 da
1794 1460 1952 1499 Carrara,

1112 1518 1144 1542 et
1176 1511 1249 1542 lise
1274 1512 1403 1543 renovo
1428 1512 1459 1543 el
1477 1513 1596 1553 pianto
1621 1524 1638 1544 e
1664 1513 1683 1542 ’l
1709 1523 1795 1555 gran
1820 1514 1951 1551 dolore,

1113 1565 1370 1596 lamentandose
1399 1572 1432 1597 et
1463 1566 1653 1597 doiandose
1686 1567 1835 1608 ⁷caschun
1860 1567 1952 1598 della

1112 1625 1220 1650 morte
1245 1619 1300 1649 del
1329 1619 1513 1661 magnifico
1546 1620 1686 1650 Iacomo
1718 1620 1761 1650 da
1794 1619 1951 1651 Carrara.

1112 1672 1196 1702 Drio
1220 1671 1251 1701 10
1276 1672 1357 1713 qual
1381 1682 1461 1703 cose
1482 1672 1550 1713 po',
1568 1672 1625 1704 adi
1643 1683 1719 1704 xxn
1745 1674 1788 1704 de
1814 1674 1952 1704 decem-

1113 1724 1184 1761 bre,
1202 1725 1244 1756 de
1262 1725 1399 1756 volonta
1417 1726 1474 1756 del
1492 1726 1618 1767 povolo
1636 1732 1722 1757 tutto
1741 1727 1784 1757 de
1801 1727 1895 1758 Pax-a
1919 1727 1951 1757 iu

1112 1778 1249 1819 publico
1267 1788 1375 1820 rengo
1388 1779 1423 1810 fo
1436 1780 1515 1810 dato
1530 1779 1560 1811 01
1575 1780 1739 1811 confalon
1755 1780 1812 1811 del
1827 1791 1950 1811 comun

1112 1833 1155 1863 (10
1181 1831 1272 1870 Pava
1296 1833 1323 1863 ai
1355 1832 1503 1873 predicti
1535 1833 1710 1875 magnifici
1741 1833 1893 1865 Iacomin
1918 1841 1951 1866 et

1112 1886 1306 1917 Francesco
1331 1886 1374 1916 da
1391 1885 1539 1917 Carrara
1555 1886 1589 1917 in
1605 1897 1711 1928 segno
1730 1888 1772 1918 de
1790 1888 1951 1929 signoria.

1112 1939 1150 1969 El
1180 1940 1258 1979 qual
1294 1939 1459 1970 confalon
1490 1940 1683 1980 acceptado
1713 1946 1746 1971 et
1768 1941 1949 1972 rendando

1112 2003 1131 2023 a
1154 1992 1231 2023 tutti
1255 1992 1373 2034 gracie
1398 1992 1490 2024 della
1508 1993 1586 2029 cita,
1611 1993 1676 2024 che
1700 1993 1758 2024 elli
1784 1994 1816 2025 ie
1842 1995 1951 2026 havea

1110 2045 1136 2075 si
1156 2045 1350 2076 fidelmente
1374 2045 1530 2082 servada,
1547 2046 1575 2076 si
1593 2046 1699 2077 offeri
1715 2057 1782 2078 0011
1798 2046 1948 2079 l’alturio

1110 2098 1153 2129 de
1169 2099 1232 2129 Dio
1246 2099 1289 2129 de
1306 2109 1422 2129 servat·
1439 2099 1591 2141 caschun
1609 2100 1644 2130 in
1661 2100 1788 2131 iustitia
1806 2106 1839 2132 et
1856 2112 1949 2142 pase.

1199 2152 1239 2183 El
1265 2152 1352 2183 ditto
1376 2152 1560 2194 magnifico
1577 2152 1716 2184 Iacomo
1742 2154 1785 2184 da
1802 2153 1950 2185 Can-ara

1111 2206 1146 2236 fo
1173 2212 1281 2236 morto
1305 2205 1339 2236 in
1364 2205 1535 2243 MCCCL,
1560 2206 1595 2237 di
1612 2216 1674 2238 xx1
1692 2207 1735 2238 de
1753 2207 1950 2240 decembre.

1203 2303 1273 2333 185.
1292 2320 1330 2324 ——
1349 2302 1401 2333 Ne
1419 2303 1533 2334 l’anno
1558 2303 1612 2334 del
1631 2304 1749 2346 signor
1765 2305 1859 2335 mille
1883 2311 1949 2336 tre-

1110 2363 1205 2387 sento
1230 2355 1463 2397 cinquantadu
1481 2357 1513 2386 01
1530 2357 1710 2388 marchese
1735 2357 1868 2400 Oppico
1886 2369 1944 2399 pa-

1108 2410 1151 2450 go
1177 2410 1207 2440 el
1225 2409 1342 2440 debito
1361 2410 1452 2440 della
1470 2419 1585 2441 carne.
1626 2401 1667 2441 El
1693 2411 1771 2452 qual
1797 2412 1948 2443 voiando

1112 2463 1215 2493 lassar
1239 2472 1257 2492 a
1283 2463 1362 2498 11011,
1387 2462 1513 2493 011’0110
1539 2462 1648 2494 havea
1672 2463 1838 2505 ingenera
1856 2465 1948 2495 della

1111 2516 1251 2558 egregia
1275 2516 1390 2546 donna
1414 2517 1562 2547 madona
1586 2515 1699 2557 Lippa
1731 2518 1788 2549 dei
1820 2518 1949 2548 Ariosti

1110 2568 1153 2600 da
1178 2570 1343 2609 Bolojfflm,
1367 2568 1496 2610 signori
1520 2570 1562 2600 de
1587 2569 1744 2607 Ferrara‚
1767 2570 1866 2612 nauci
1884 2571 1949 2601 che

1111 2623 1131 2654 ’l
1157 2632 1310 2663 passasse
1335 2622 1376 2652 de
1401 2627 1520 2662 questa
1544 2622 1624 2660 vita,
1638 2623 1740 2654 statui
1757 2624 1853 2654 molti
1869 2623 1951 2655 cha-

1110 2676 1228 2707 valieri
1253 2675 1295 2706 de
1321 2674 1413 2716 quili,
1435 2674 1560 2706 ch’ello
1578 2686 1613 2706 se
1630 2676 1752 2712 fidava,
1776 2677 1833 2707 dai
1858 2677 1950 2718 quali

1201 2802 1239 2827 15.
1258 2797 1374 2827 bisegne
1395 2797 1457 2820 PE
1476 2810 1507 2813 ν-
1528 2803 1616 2828 34-35.
1637 2798 1668 2821 El
1690 2797 1765 2821 ditto
1781 2805 1863 2830 magn
1869 2814 1949 2822 .....

1110 2842 1254 2866 decembre
1273 2842 1299 2864 ίιι
1320 2842 1346 2864 P
1363 2850 1430 2873 agg.
1450 2842 1485 2865 da
1505 2843 1579 2865 altra
1598 2851 1686 2870 mamm
1702 2843 1728 2865 ιἰι
1743 2844 1852 2866 ΕιΙεΙΙο
1865 2847 1946 2866 stesso

1110 2895 1269 2910 amanuense

1146 3023 1156 3040 ²
1176 3025 1310 3053 CORTUS„
1335 3024 1472 3056 Chronica,
1494 3025 1529 3055 X,
1547 3023 1572 3049 8.
