2422 3684
745 243 919 279 GESTA
946 243 1249 278 MAGNIFICA
1277 243 1463 278 DOMUS
1493 241 1877 278 CARRARIENSIS

728 376 861 408 REDAz.
887 375 916 407 A

489 658 563 690 251.
588 677 628 681 —
647 658 731 690 Cum
751 665 785 690 et
801 659 904 690 etiam
923 658 1048 690 Veneti
1066 659 1243 702 legacione

401 718 632 755 provocarent
655 711 911 754 aquilegensem
936 713 1166 752 patriarcham
1200 713 1244 744 ad

402 767 498 809 pacis
523 766 745 798 concordium
772 775 847 796 cum
874 764 1011 797 Austrie
1037 767 1136 804 duce,
1164 766 1245 797 Ber-

401 820 585 862 toldusque
609 820 666 851 ille
684 820 936 860 suprascriptus
954 819 996 850 de
1014 818 1244 862 Spilimbergo

402 884 509 916 penes
532 873 644 914 ipsum
668 874 789 904 ducem
816 873 957 903 instaret
980 872 1080 913 primi
1103 883 1170 904 non
1195 873 1246 903 in-

402 936 588 958 memorem
606 927 733 963 damni‚
752 925 914 966 cupidum
932 931 1058 962 tamen,
1075 925 1101 957 si
1117 933 1244 967 posset,

401 981 552 1018 ultionis,
584 980 626 1011 de
661 979 822 1021 gentibus
857 979 1145 1016 transmictendis,
1179 990 1244 1021 que

402 1045 479 1065 cum
496 1033 637 1074 reliquis
653 1045 711 1064 sue
729 1033 840 1075 gentis
855 1033 1014 1064 conflicte
1025 1033 1246 1064 intenderent

402 1088 444 1118 ad
480 1087 594 1118 Patrie
625 1086 780 1117 Foriiulii
816 1086 1041 1122 detrimenta3
1079 1093 1131 1118 set
1161 1097 1244 1118 ecce

402 1141 518 1172 divina
543 1150 671 1177 manus,
696 1139 792 1170 cuius
815 1140 849 1170 in
867 1139 932 1170 hac
947 1146 1045 1180 parte
1068 1141 1243 1182 negotium

400 1193 593 1237 augebatur
616 1193 826 1229 mirabiliter,
850 1193 1009 1235 gentibus
1032 1193 1118 1224 afuit
1151 1193 1245 1224 colli-

401 1254 569 1289 gatorum.
616 1247 704 1278 Dum
729 1247 818 1278 enim
844 1247 1044 1289 octuaginta
1067 1247 1128 1278 viri
1149 1253 1242 1279 nota-

402 1302 488 1333 biles
512 1301 609 1331 ducis
634 1299 771 1331 Austrie
790 1311 808 1331 a
832 1299 994 1336 Laibaco,
1013 1300 1104 1331 unde
1122 1310 1156 1332 se
1174 1301 1244 1331 col-

402 1356 568 1397 legerant,
593 1353 807 1384 descendere
832 1353 1024 1384 niterentnr
1040 1353 1075 1383 in
1093 1353 1243 1385 Patriam

402 1408 562 1449 foretque
587 1417 649 1448 per
679 1412 798 1447 gentes
829 1406 964 1438 unionis
991 1407 1141 1448 ipsorum
1169 1417 1244 1447 per-

401 1461 543 1492 sentitus
567 1460 745 1496 adventus,
770 1469 812 1490 ne
837 1460 979 1491 transire
1004 1466 1144 1501 possent
1174 1461 1246 1492 sine

401 1514 505 1553 bello,
522 1523 607 1555 gens
623 1513 696 1554 ipsa
712 1512 846 1544 unionis
871 1513 956 1543 duas
980 1523 1015 1543 se
1034 1513 1197 1544 discrevit
1213 1513 1247 1545 in

402 1573 528 1608 partes,
553 1566 754 1608 capitaneus
785 1566 947 1597 videlicet
978 1566 1087 1608 ipsius
1118 1567 1248 1608 magni-

402 1621 456 1652 fici
482 1620 611 1652 domini
643 1630 760 1650 versus
785 1620 1052 1661 Spilimbergum
1081 1621 1248 1662 equitans,

403 1682 436 1705 et
459 1683 543 1716 gens
560 1673 713 1704 Foriinlii
737 1683 855 1705 versus
878 1673 1042 1705 Sanctum
1068 1674 1246 1706 Danielem

403 1728 559 1763 tendens,
584 1727 676 1757 unde
701 1727 818 1757 hostes
843 1726 1011 1767 putabant
1035 1727 1248 1773 transituros,

402 1781 459 1812 ubi
476 1780 569 1811 iuxta
585 1780 698 1811 locnm
717 1779 835 1811 Sancti
859 1780 1042 1821 pelegrini,
1060 1791 1126 1811 non
1145 1782 1247 1823 longe

404 1834 446 1865 ab
468 1833 543 1874 ipso
567 1832 696 1864 Sancto
722 1832 879 1869 Daniele,
904 1833 1006 1863 emuli
1039 1834 1088 1864 eis
1113 1834 1247 1866 obviam

407 1886 491 1918 sacti
514 1893 603 1918 sunt.
650 1885 742 1917 Inter
765 1896 849 1928 quos
867 1886 1009 1927 prelium
1038 1888 1125 1918 adeo
1150 1894 1247 1919 atrox

403 1941 479 1978 fuit,
493 1940 575 1971 licet
592 1939 695 1970 emuli
711 1939 826 1980 plures
843 1950 984 1970 numero
1000 1940 1126 1978 forent,
1143 1941 1247 1981 quod,

403 1994 455 2025 bis
490 1993 610 2034 fugati,
641 1992 762 2023 iterum
796 2002 831 2023 se
861 1993 995 2024 insimul
1027 2000 1245 2034 receperunt.

403 2047 559 2077 Tandem
574 2046 733 2086 potencie
748 2045 836 2078 iuste
850 2046 1057 2078 bellancium
1073 2056 1247 2088 nequeun-

403 2106 453 2130 tes
477 2099 645 2141 refragari
669 2110 731 2140 per
754 2111 925 2130 armornm
950 2100 1146 2141 potenciam
1164 2100 1246 2132 victi

403 2158 488 2189 sunt,
514 2162 555 2183 ex
579 2151 701 2193 quibus
726 2153 850 2194 viginti
873 2153 1042 2185 notabiles
1059 2155 1161 2194 capti,
1181 2164 1245 2185 nec

402 2207 471 2237 vivi
497 2207 559 2237 nisi
583 2212 714 2246 septem
739 2218 780 2237 ex
808 2209 905 2249 equis
927 2208 1141 2250 superfuere.

494 2620 568 2652 252.
594 2639 634 2643 —
658 2620 821 2652 Nondum
847 2628 989 2663 treugua
1014 2621 1156 2657 linierat,
1182 2631 1248 2663 que

405 2675 492 2705 inter
505 2674 705 2705 Tirolenses
723 2680 795 2705 erat
813 2682 847 2706 et
861 2674 939 2705 illos
954 2675 996 2706 de
1016 2674 1248 2715 Vallesugana

406 2727 561 2759 subditos
584 2726 758 2769 magnifici
782 2726 909 2757 domini
926 2727 1054 2757 domini
1072 2727 1248 2758 Francisci

407 2781 449 2811 de
487 2780 657 2817 Carraria,
693 2790 768 2811 cum
804 2779 960 2811 dominus
995 2779 1170 2811 Bernabos
1204 2779 1247 2810 ad

407 2833 676 2874 postulacionem
702 2832 800 2863 ducis
824 2833 971 2874 Austrie‚
996 2834 1053 2874 qui
1077 2832 1249 2864 Tirolensi

409 2891 545 2927 preerat
569 2886 754 2923 comitatui,
772 2892 944 2918 trecentos
960 2886 1042 2917 illuc
1067 2886 1250 2917 destinavit

499 3002 540 3025 43.
561 2994 714 3018 subsiditas
735 2995 771 3017 ill

1312 922 1350 952 10

1308 1189 1348 1218 l5

1311 1456 1352 1485 20

1312 1988 1352 2018 30

1311 2250 1349 2280 35

1312 2513 1352 2543 40

1314 2826 1352 2857 45

1730 374 1868 406 REDAZ.
1891 375 1923 406 D

1402 454 1422 476 0
1438 454 1631 486 possessese
1648 444 1784 486 elegere
1799 449 2007 481 veramente,
2025 443 2058 475 la
2071 443 2243 476 comunita

1403 498 1446 528 de
1470 497 1623 528 Venesia
1652 498 1741 529 seria
1771 508 1951 539 preponua
1981 508 2001 528 a
2025 497 2102 528 tutti
2133 497 2242 529 ialtri

1403 550 1534 581 homini
1559 557 1593 582 et
1616 550 1756 593 signori.

1489 657 1563 689 251.
1589 675 1630 680 --
1653 657 1867 700 Instagando
1892 657 1988 698 quilli
2014 656 2058 687 da
2090 656 2244 688 Venesia

1403 721 1467 743 con
1501 721 1558 742 soe
1595 710 1788 742 ambaxarie
1822 711 1974 742 etiandio
2011 719 2175 751 appresso
2211 710 2243 741 el

1402 765 1599 806 patriarcha
1621 765 1653 795 al
1677 764 1787 796 tracta
1809 763 1853 796 de
1877 774 1958 805 pase
1981 769 2033 795 tra
2049 763 2094 794 lui
2112 773 2130 795 e
2151 763 2173 795 ’1
2189 774 2244 795 so-

1402 817 1559 849 vradicto
1595 816 1679 848 duse
1714 818 1750 850 di
1788 817 1957 853 Osterico,
1995 816 2160 848 Bertoldo
2200 816 2244 847 de

1405 870 1651 912 Spilimbergo,
1686 871 1742 902 del
1778 871 1858 912 qual
1890 871 2037 901 havemo
2069 869 2112 901 de
2143 879 2246 901 sovra

1405 921 1498 952 facto
1522 921 1694 958 mencion,
1727 922 1861 952 instava
1899 930 2038 962 apresso
2078 920 2109 951 el
2150 919 2245 952 dicto

1404 974 1500 1011 cluse,
1516 974 1772 1006 recordandose
1797 975 1829 1005 el
1854 974 1990 1010 damno,
2016 973 2080 1004 che
2098 972 2165 1004 ello
2185 972 2245 1003 ha-

1404 1038 1468 1059 vea
1494 1027 1682 1068 recevudo,
1713 1033 1747 1059 et
1778 1027 1906 1068 cupido
1941 1025 2047 1057 molto
2080 1025 2133 1057 ala
2163 1035 2246 1057 ven-

1405 1081 1518 1118 decta,
1542 1080 1607 1112 che
1625 1080 1646 1110 ’l
1662 1079 1755 1112 dicto
1783 1081 1867 1111 duse
1884 1079 1915 1109 ie
1933 1078 2114 1110 mandasse
2131 1083 2246 1120 gente,

1406 1133 1435 1165 le
1466 1134 1568 1174 quale
1592 1143 1659 1164 con
1689 1133 1802 1175 quelle
1825 1133 1950 1174 poche,
1976 1132 2042 1163 che
2067 1131 2076 1161 i
2111 1142 2169 1163 era
2191 1141 2247 1163 ro-

1405 1194 1499 1216 mase
1535 1184 1570 1214 in
1605 1184 1636 1214 la
1676 1184 1856 1220 sconficta,
1893 1183 1957 1214 che
1992 1183 2023 1214 ie
2059 1183 2169 1214 havea
2202 1183 2247 1214 da

1405 1237 1531 1268 mesier
1566 1236 1712 1278 Bertueo
1747 1236 1790 1267 da
1822 1235 1944 1267 Monte
1976 1235 2106 1273 Melon,
2138 1234 2248 1266 inten-

1405 1291 1504 1321 desse
1529 1289 1562 1320 ai
1587 1289 1702 1320 damni
1725 1288 1818 1320 della
1841 1288 1958 1320 Patria
1977 1287 2020 1319 de
2039 1287 2156 1319 Frioli.
2188 1287 2247 1319 Ma

1405 1339 1441 1374 in
1465 1349 1583 1385 questo
1616 1342 1647 1373 la
1673 1341 1788 1373 divina
1821 1342 1950 1383 gracia,
1975 1342 2006 1371 el
2035 1341 2130 1372 facto
2155 1340 2247 1372 della

1406 1396 1485 1438 qual
1502 1406 1565 1437 per
1581 1401 1741 1435 respecto
1766 1395 1858 1426 della
1881 1395 1999 1436 ghiesa
2023 1393 2188 1436 d’Agolia
2211 1403 2247 1425 se

1407 1455 1563 1480 tractava
1602 1447 1942 1483 meraveiosarnente‚
1974 1447 2138 1488 favorecb
2177 1446 2245 1478 alla

1405 1507 1507 1542 gente
1532 1501 1566 1532 di
1591 1500 1729 1543 colliga,
1754 1499 1829 1537 che,
1854 1500 2004 1531 voiando
2028 1499 2174 1540 partirse
2199 1499 2244 1530 da

1408 1555 1561 1586 Laibaco
1586 1559 1725 1586 octanta
1750 1552 1880 1584 homini
1905 1552 2048 1584 notabili
2074 1551 2129 1583 del
2161 1551 2246 1583 duse

1409 1608 1452 1639 de
1466 1606 1624 1639 Osterico
1641 1617 1704 1646 per
1719 1606 1831 1648 vignir
1848 1605 1881 1636 in
1899 1605 1928 1636 la
1949 1605 2064 1636 Patria
2081 1605 2123 1636 de
2140 1604 2247 1636 Frioli

1409 1667 1442 1692 et
1465 1660 1639 1692 habiando
1665 1659 1704 1702 ca
1728 1660 1761 1689 13
1784 1664 1889 1701 gente
1914 1658 2006 1689 della
2031 1658 2137 1689 union
2170 1667 2244 1690 sen·
2267 1663 2276 1669 ’

1409 1715 1480 1745 tido
1505 1713 1562 1744 del
1586 1713 1701 1755 vignir
1724 1712 1768 1743 de
1792 1717 1941 1749 costoro,
1964 1710 2096 1753 acoche
2121 1710 2179 1742 elli
2203 1720 2247 1742 no

1410 1776 1564 1809 possesse
1588 1775 1706 1807 passar
1722 1775 1827 1807 senea
1843 1764 1969 1801 bataia‚
1988 1764 2019 1795 la
2036 1764 2128 1795 dicta
2144 1769 2247 1806 gente

1408 1831 1444 1851 se
1469 1818 1555 1861 parti
1579 1819 1614 1849 in
1639 1819 1682 1850 do
1707 1824 1816 1859 parte,
1841 1817 1902 1859 coe
1927 1817 1957 1848 el
1983 1817 2160 1858 capitanio
2192 1815 2248 1848 del

1408 1872 1591 1914 magnifico
1623 1872 1738 1914 signor
1768 1871 1892 1901 mesier
1924 1871 2121 1901 Francesco
2148 1879 2248 1901 verso

1408 1925 1640 1967 Spilimbergo
1665 1931 1698 1955 et
1722 1924 1754 1954 la
1777 1930 1879 1966 gente
1897 1923 1940 1954 de
1959 1923 2064 1954 Frioli
2082 1923 2247 1955 cavalchb

1408 1990 1507 2011 verso
1530 1978 1599 2010 San
1625 1977 1780 2016 Daniele,
1804 1976 1894 2007 oncle
1919 1977 1928 2007 i
1957 1987 2108 2017 pensava
2139 1976 2249 2007 dover

1407 2032 1592 2063 cavalchar
1622 2031 1632 2061 i
1662 2030 1793 2066 nemisi,
1817 2035 1851 2060 et
1875 2030 1897 2060 11
1931 2040 2048 2070 presso
2081 2029 2112 2060 el
2143 2028 2247 2071 luogo

1409 2087 1450 2117 de
1473 2086 1541 2117 San
1562 2083 1733 2125 Pelegrin‚
1749 2093 1816 2114 non
1834 2083 1926 2125 lonci
1943 2082 1988 2113 da
2003 2083 2074 2114 San
2091 2081 2248 2120 Daniele,

1407 2149 1443 2170 se
1466 2147 1626 2169 scoverse
1651 2136 1681 2167 le
1697 2135 1791 2167 dicte
1815 2141 1929 2177 gente,
1946 2141 1979 2166 et
1996 2135 2109 2167 subito
2126 2135 2162 2166 fo
2179 2134 2246 2166 alle

1407 2202 1484 2222 man
1509 2197 1541 2221 et
1567 2191 1603 2220 fo
1628 2196 1679 2220 tra
1703 2188 1760 2220 elli
1788 2188 1821 2219 la
1852 2189 1968 2219 bataia
1991 2188 2018 2218 sl
2046 2188 2138 2225 fiera,
2171 2187 2247 2225 che,

1407 2243 1541 2276 benche
1568 2243 1599 2274 la
1623 2248 1728 2284 geute
1753 2242 1809 2273 del
1836 2242 1918 2273 duse
1943 2242 2035 2273 fosse
2053 2241 2110 2282 piu
2127 2242 2163 2272 in
2188 2251 2248 2271 nu-

1408 2307 1502 2328 mero
1520 2302 1553 2328 et
1568 2295 1718 2326 mectudi
1742 2295 1788 2326 do
1812 2295 1901 2325 liade
1920 2295 1954 2325 in
1972 2301 2070 2332 rona,
2096 2293 2248 2326 anchora

1407 2361 1443 2382 se
1467 2349 1609 2381 redusse
1634 2348 1774 2379 inseme.
1807 2349 1867 2380 Ma
1883 2359 1949 2389 pur
1965 2347 2031 2378 alla
2049 2348 2093 2378 fin
2110 2357 2153 2378 no
2170 2356 2248 2389 pos-

1407 2402 1513 2434 sando
1531 2407 1650 2433 contra
1669 2401 1702 2432 la
1718 2407 1821 2443 gente
1840 2401 1930 2432 dalla
1946 2401 2086 2439 unione,
2103 2401 2140 2432 fo
2157 2399 2245 2441 posti

1407 2456 1442 2487 in
1465 2461 1571 2492 rocta,
1595 2454 1631 2485 di
1649 2454 1743 2496 quali
1766 2454 1851 2485 vinti
1870 2455 1906 2486 fo
1923 2454 2024 2496 presi,
2041 2453 2169 2485 homini
2185 2462 2246 2484 no-

1408 2508 1514 2548 tabili,
1539 2508 1580 2538 ne
1606 2507 1674 2538 vivi
1698 2518 1741 2538 en
1765 2507 1906 2548 scampe
1931 2518 1966 2539 se
1990 2517 2035 2539 no
2059 2513 2168 2548 septe.

1496 2612 1571 2644 252.
1595 2630 1639 2635 —
1661 2612 1827 2643 Anchora
1851 2623 1893 2643 no
1913 2623 1970 2644 era
1987 2613 2092 2644 finida
2109 2613 2141 2643 la
2157 2618 2248 2644 treu-

1407 2678 1462 2711 ga,
1487 2667 1518 2697 la
1536 2666 1614 2708 qual
1631 2676 1691 2696 era
1707 2671 1759 2696 tra
1777 2665 1873 2706 quilli
1891 2666 1948 2696 del
1965 2665 2082 2697 Tirale
2099 2671 2134 2697 et
2149 2664 2247 2707 quini

1410 2720 1453 2751 de
1477 2719 1688 2761 Valsugana‚
1705 2718 1831 2749 subditi
1849 2718 1905 2749 del
1923 2718 2107 2761 magnifico
2131 2718 2250 2761 signor

1408 2772 1530 2802 mesier
1555 2772 1749 2802 Francesco
1775 2771 1818 2802 da
1843 2770 1999 2811 Carrara,
2029 2770 2094 2801 che
2123 2769 2248 2802 mesier

1409 2823 1567 2856 Bernabo
1591 2834 1611 2854 a
1635 2823 1787 2864 peticion
1812 2823 1869 2854 del
1895 2824 1978 2854 duse
2007 2823 2050 2854 de
2074 2822 2247 2868 Osteric0‚

1410 2877 1442 2908 el
1458 2876 1536 2918 qual
1558 2877 1784 2919 signoreeava
1800 2876 1831 2907 el
1850 2876 1942 2908 dicto
1958 2876 2090 2915 Tirale,
2106 2876 2138 2907 ie
2155 2885 2249 2907 man-
