2422 3684
469 273 639 309 GESTA
667 271 969 308 lxlAGNlfflcA
999 271 1184 306 DOMUS
1214 269 1454 304 CARRARI
1464 269 1602 303 ENSIS

448 397 590 429 REDAZ.
616 395 645 427 A

126 475 245 502 contra
278 467 495 511 magnificum
528 467 702 498 dominum
742 466 964 498 Franciscum

127 523 336 554 antedictum
363 522 404 552 de
437 521 607 557 Carraria,
633 520 725 562 quod
757 520 910 551 Feltrum
934 525 967 550 et

127 575 341 606 bellunensia
372 574 449 606 loca
479 585 538 605 sue
571 573 736 604 dictionis
768 578 966 614 occuparet.

128 629 274 670 Propter
290 627 383 669 quod
400 627 471 668 ipse
490 627 647 657 dominus
666 626 873 657 Franciscus
890 635 967 656 suos

128 682 287 713 solennes
312 681 444 722 legatos
460 681 504 711 ad
521 680 629 721 ipsum
647 680 738 711 misit
757 681 880 711 ducem
897 679 968 709 eius

129 736 275 766 animum
301 735 491 766 molituros.
538 734 614 766 Nec
648 745 689 764 ex
720 734 787 764 hoc
820 734 861 764 de
893 733 968 774 ipso

128 789 310 831 magnifico
335 788 475 819 domino
500 787 642 829 obloqui
659 787 798 825 destitit,
816 786 968 828 quinimo

128 841 263 873 addidit
279 840 564 872 oblocucionibus
583 840 702 877 minas,
721 839 899 871 conatibus
916 845 969 870 to-

129 895 172 925 tis
195 904 384 935 procurans
408 893 567 925 dominos
596 892 638 924 de
663 893 894 934 Vallesugana
927 892 969 922 ad

130 947 305 978 fidelitatis
334 947 398 978 sibi
430 947 656 978 iuramentum
685 946 886 987 astringere,
912 944 970 986 qui

129 1000 194 1042 ipsi
217 1000 399 1041 magnifico
424 1000 564 1031 domino
588 998 777 1030 Francisco
795 998 973 1038 obtempe-

131 1053 263 1084 rabant.
310 1053 521 1084 Premiserat
555 1057 589 1083 et
627 1051 728 1082 etiam
767 1052 832 1082 iam
866 1051 970 1092 longe

130 1112 222 1138 retro
245 1106 279 1136 in
304 1106 419 1137 Patria
450 1104 594 1137 Foriulii
624 1110 746 1146 gentes
770 1104 971 1145 armigeras,

131 1159 361 1200 patriarcham
386 1165 419 1190 et
442 1158 526 1189 alios
550 1158 715 1199 patriotas
736 1167 972 1198 oppressuras,

132 1223 288 1244 asserens
313 1212 406 1254 quod
429 1221 493 1253 per
514 1211 624 1252 ipsum
649 1211 880 1252 patriarcham
905 1221 972 1242 non

132 1266 272 1297 fuerant
287 1264 351 1296 sibi
368 1264 535 1306 promissa
552 1270 698 1301 servata,
714 1264 830 1306 ibique
849 1264 974 1295 damna

132 1319 247 1350 intulit
274 1318 421 1359 plurima
451 1324 485 1349 et
516 1327 672 1348 casarum
703 1317 864 1348 incendia
897 1327 974 1349 cum

134 1371 315 1413 multiplici
351 1370 524 1402 hominum
558 1377 591 1402 et
626 1371 821 1402 animalium
855 1370 975 1411 preda,

133 1423 402 1466 suffragantibus
433 1423 543 1455 eidem
576 1424 750 1455 nonnullis
780 1423 896 1454 Patrie
921 1433 977 1453 ca-

135 1478 222 1510 stris.
267 1477 454 1509 Tulbertus
474 1483 507 1508 et
531 1478 633 1508 etiam
652 1478 695 1508 de
712 1477 827 1513 Prata,
843 1486 977 1519 germa-

136 1542 198 1562 nus
221 1530 331 1572 ipsius
353 1530 527 1572 magnifici
560 1531 689 1562 domini
722 1530 902 1562 Francisci
932 1531 975 1561 de

138 1584 309 1621 Carraria,
333 1589 367 1615 et
391 1593 492 1626 quem
509 1583 582 1625 ipse
600 1583 803 1625 magnificus
821 1583 978 1615 dominus

137 1649 156 1669 a
180 1636 357 1669 cunabulis
380 1636 514 1668 aluerat
545 1637 748 1678 feceratque
772 1636 884 1667 virum
915 1646 977 1677 po-

137 1697 261 1722 tentem
287 1695 320 1720 et
344 1689 377 1720 in
402 1689 521 1721 Patria
544 1690 775 1730 formidatum,
800 1695 833 1720 et
858 1695 979 1721 contra

137 1744 245 1786 ipsius
277 1744 501 1775 adversantes
533 1745 607 1775 eius
638 1743 792 1775 subsidio
820 1748 978 1780 tutatum,

138 1799 196 1840 qui
220 1804 333 1829 tamen
357 1802 501 1838 propter
517 1797 698 1828 mulierum
717 1796 902 1828 illecebras
919 1795 981 1826 ali-

139 1851 275 1894 qualem
300 1855 382 1882 tunc
405 1850 512 1891 ipsius
536 1850 708 1892 magnifici
734 1850 863 1882 domini
892 1849 980 1880 indi-

140 1903 343 1946 gnacionem
366 1903 570 1940 incurrerat,
594 1903 661 1944 ipsi
687 1903 821 1934 adhesit
845 1902 980 1934 Austrie

140 1957 231 1994 duci,
265 1967 332 1989 non
369 1956 525 1988 obstante
562 1957 655 1997 quod
689 1956 799 1998 ipsum
831 1956 979 1997 predicti

139 2011 247 2052 ipsius
271 2010 399 2042 domini
424 2010 528 2041 sciret
551 2020 620 2041 non
645 2009 792 2040 amicum
818 2010 981 2051 quodque

142 2065 274 2095 faceret
313 2069 430 2096 contra
467 2063 616 2104 patriam
654 2073 747 2094 suam
792 2068 982 2104 contraque

142 2117 323 2150 ecclesiam
363 2117 632 2160 equilegensem,
670 2117 727 2148 cui
765 2121 983 2148 sacramento

143 2171 301 2202 astrictus
325 2176 409 2202 erat.
456 2170 533 2202 Nec
564 2171 608 2201 ad
639 2170 744 2210 ipsius
776 2169 984 2201 moliendum

145 2225 291 2255 animum
310 2224 416 2265 patris
431 2223 569 2255 valuere
585 2233 718 2264 preces,
735 2222 885 2265 quinimo
902 2232 985 2265 gen-

144 2283 196 2308 tes
219 2276 411 2318 pedestres,
434 2287 519 2318 quas
545 2277 619 2318 ipse
650 2275 851 2318 magnificus
876 2275 986 2306 domi-

146 2339 208 2360 nus
231 2330 265 2360 in
296 2329 347 2360 sui
377 2330 520 2361 tutelam
552 2329 611 2361 diu
643 2334 802 2360 tenuerat
832 2334 985 2369 tuncque

144 2383 294 2420 tenebat,
318 2383 530 2421 licenciataS‚
555 2382 711 2414 sciencia
733 2382 840 2423 ipsius
857 2381 986 2413 domini

144 2436 353 2478 irrequisita,
370 2435 522 2467 Paduam
540 2435 683 2468 remisit.
731 2434 811 2472 Quo
829 2435 987 2466 dominus

147 2490 231 2532 ipse,
254 2495 435 2531 postquam
451 2489 523 2530 ipse
541 2489 699 2521 dominus
723 2488 911 2520 Tulbertus
935 2488 986 2520 sic

148 2554 183 2574 se
214 2547 380 2586 gesserat,
410 2542 492 2574 satis
523 2547 705 2574 contentus
735 2542 811 2578 fuit,
843 2552 886 2572 ne
919 2541 986 2572 dici

149 2601 265 2637 posset
288 2595 410 2636 ipsum,
435 2595 494 2636 qui
517 2605 650 2636 semper
673 2594 904 2636 aquilegensis
929 2604 987 2625 ec-

150 2648 254 2680 clesie
294 2649 459 2679 defensor
495 2647 619 2685 fuerat,
659 2647 703 2678 ad
737 2658 880 2688 presens
917 2648 989 2678 eius

152 2701 299 2732 emulum
337 2700 496 2732 existere.
542 2699 689 2743 Insuper
724 2701 795 2742 ipse
831 2701 989 2732 dominus

151 2754 349 2791 Tulbertus‚
374 2754 431 2797 qui
462 2754 504 2785 ab
535 2754 610 2795 ipso
643 2755 825 2797 magnifico
851 2755 989 2786 domino

152 2817 288 2849 semper
311 2808 476 2840 defensus
497 2808 621 2846 fuerat,
647 2815 766 2840 contra
790 2810 899 2850 ipsum
920 2819 991 2839 ma-

153 2861 315 2903 gnificum
351 2861 522 2893 dominum
560 2872 622 2903 pro
654 2862 741 2893 duce
775 2862 817 2893 de
843 2862 991 2894 Civitate

1038 888 1073 918 10

1040 1152 1076 1184 15

1039 1420 1079 1450 20

1044 1684 1082 1715 25

1044 1951 1086 1982 30

1049 2218 1089 2249 35

1053 2483 1093 2513 40

1443 392 1582 423 REDAZ.
1609 391 1644 422 D

1124 463 1191 495 Per
1222 463 1253 494 la
1284 463 1363 505 qual
1395 472 1497 494 cason
1524 462 1554 493 el
1580 462 1671 493 dicto
1707 462 1888 503 magnifico
1922 463 1966 492 si-

1126 527 1212 559 gnor
1236 527 1277 558 ge
1302 515 1426 547 mando
1451 526 1487 546 so
1506 516 1702 546 ambaxaori
1723 525 1782 556 per
1808 515 1966 545 humiliar

1128 569 1263 600 l’animo
1281 579 1328 600 so.
1355 568 1408 599 N'e
1428 579 1490 609 per
1509 577 1629 609 quesm
1647 568 1676 598 el
1692 574 1803 598 Stasea
1823 568 1865 598 de
1882 574 1967 598 stra-

1127 624 1241 664 parlar
1266 622 1322 653 del
1348 622 1439 653 dicto
1463 621 1582 663 signor
1607 621 1728 652 mesier
1760 622 1966 657 Francesco,

1128 676 1330 718 aeoncando
1355 684 1497 717 menace
1521 674 1587 705 alle
1613 675 1731 715 parole
1756 680 1791 705 et
1814 674 1968 715 sforcan-

1129 728 1211 760 dose
1245 741 1264 759 a
1295 734 1382 760 tutta
1415 738 1451 759 so
1484 738 1593 768 possa,
1626 728 1690 759 che
1726 728 1734 757 i
1761 727 1891 769 signori
1926 728 1969 757 de

1129 782 1393 824 Vallesuganai
1429 790 1564 823 (jurasse
1597 780 1737 817 fedeltii,
1769 781 1779 811 i
1817 780 1908 822 quali
1938 780 1969 810 la

1129 836 1235 866 havea
1257 835 1366 876 prima
1388 834 1517 876 eurada
1536 834 1569 864 al
1586 834 1680 865 dicto
1697 834 1844 875 signore.
1882 834 1924 864 Et
1943 833 1970 864 si

1129 890 1234 920 haves
1255 888 1408 920 etiandio
1431 888 1555 919 manda
1571 888 1671 929 nanci
1687 893 1790 929 gente
1810 887 1845 918 in
1864 886 1970 918 Frioli

1129 941 1160 972 ai
1187 941 1302 972 damni
1329 941 1383 972 del
1409 941 1606 981 patriarcha
1636 947 1671 972 et
1696 940 1753 971 clei
1785 939 1861 971 altri
1886 940 1970 970 Fur-

1130 994 1209 1031 lani,
1234 993 1387 1036 digando
1412 994 1475 1024 che
1509 993 1566 1024 elli
1598 1004 1642 1023 no
1666 1003 1709 1035 ge
1741 993 1851 1024 havea
1874 992 1972 1023 serva

1130 1048 1162 1079 le
1190 1058 1381 1089 promesse3
1407 1053 1440 1077 et
1466 1047 1534 1078 cosi
1567 1047 1587 1076 li
1611 1047 1642 1077 el
1668 1046 1713 1077 fe’
1739 1046 1833 1077 molti
1858 1045 1973 1077 damni

1132 1100 1175 1132 de
1199 1100 1292 1142 surgi
1317 1099 1359 1131 de
1385 1099 1519 1130 robarie
1552 1105 1586 1130 et
1609 1098 1786 1130 d'animali
1811 1109 1876 1130 con
1903 1099 1974 1129 l’al-

1131 1153 1221 1184 turio
1241 1153 1283 1184 de
1306 1153 1421 1195 alguni
1442 1152 1632 1188 castellani,
1658 1153 1721 1183 che
1746 1161 1781 1183 se
1801 1162 1844 1193 ge
1864 1153 1974 1182 havea

1132 1206 1258 1238 acosta.
1306 1206 1350 1237 Et
1387 1207 1540 1237 anchora
1577 1205 1698 1237 mesier
1729 1205 1897 1237 Tolberto
1929 1205 1974 1236 da

1134 1260 1248 1297 Prata,
1264 1270 1405 1302 german
1424 1260 1518 1290 cosin
1536 1259 1591 1290 del
1605 1259 1719 1302 signos
1734 1259 1857 1290 mesier
1870 1259 1977 1289 Fran-

1134 1324 1247 1351 cesco,
1261 1320 1294 1345 et
1309 1315 1340 1344 el
1357 1314 1435 1355 qual
1456 1315 1487 1344 el
1505 1313 1597 1344 dicto
1615 1315 1733 1355 signor
1749 1313 1858 1344 havea
1879 1313 1975 1343 aleva

1135 1367 1227 1399 dalla
1251 1378 1363 1399 cunna
1386 1374 1419 1398 et
1443 1367 1530 1398 fatto
1549 1374 1705 1407 possente
1725 1373 1758 1398 et
1775 1367 1866 1398 temu
1886 1366 1976 1397 nella

1135 1421 1263 1459 Patria,
1287 1431 1323 1452 se
1347 1420 1464 1452 acosta
1487 1421 1519 1451 al
1538 1420 1632 1451 dicto
1659 1421 1754 1457 duse,
1772 1419 1905 1451 benche
1929 1419 1976 1449 al-

1136 1474 1209 1505 lora
1235 1484 1295 1515 per
1320 1475 1415 1504 facto
1440 1474 1481 1504 de
1508 1473 1621 1505 donne
1647 1474 1678 1503 el
1705 1473 1795 1504 fosse
1819 1484 1863 1504 un
1889 1482 1976 1513 poco

1136 1523 1196 1568 [in]
1215 1527 1439 1568 indignacion
1458 1528 1513 1558 col
1534 1526 1627 1558 dicto
1647 1527 1830 1568 magnifico
1850 1527 1977 1567 signor,

1136 1580 1304 1621 sapiando
1340 1580 1443 1622 pereo
1469 1581 1532 1610 che
1567 1580 1634 1611 ello
1667 1580 1761 1610 fasea
1794 1587 1915 1610 contra
1947 1578 1978 1609 la

1138 1634 1254 1665 Patria
1277 1639 1310 1664 et
1335 1640 1456 1664 contra
1480 1633 1512 1664 la
1536 1634 1657 1674 ghiesa
1680 1632 1855 1675 d’Agolia‚
1879 1644 1898 1663 a
1923 1632 1979 1663 chi

1139 1687 1206 1718 ello
1222 1697 1279 1717 era
1297 1692 1446 1717 astrecto
1464 1696 1526 1726 per
1542 1692 1770 1728 sagramento,
1794 1692 1827 1716 et
1853 1685 1981 1717 ancho-

1139 1751 1176 1771 ra
1193 1740 1371 1781 sapiaudo,
1389 1740 1454 1771 che
1474 1740 1494 1770 ’l
1513 1741 1606 1771 dicto
1625 1740 1707 1770 duse
1727 1750 1770 1770 no
1789 1749 1847 1771 era
1865 1739 1979 1780 amigo

1141 1793 1197 1825 del
1208 1792 1405 1824 sovradicto
1419 1792 1602 1833 magnifico
1615 1792 1731 1834 signor
1743 1793 1865 1823 mesier
1877 1792 1982 1822 Fran-

1140 1843 1259 1878 0050οζ
1301 1845 1351 1877 Ne
1376 1856 1417 1887 ge
1435 1846 1526 1877 valse
1554 1846 1584 1876 le
1608 1846 1766 1887 pregiere
1788 1846 1844 1877 del
1861 1855 1943 1886 pare
1961 1856 1980 1876 a

1141 1899 1271 1931 volerlo
1303 1909 1461 1930 removes
1483 1899 1527 1929 da
1553 1905 1690 1940 quest03
1722 1900 1795 1941 anei
1821 1899 1890 1940 piu,
1915 1898 1980 1929 che

1142 1952 1209 1984 ello
1229 1952 1380 1983 licencib
1404 1952 1414 1982 i
1438 1952 1577 1993 pedoni,
1596 1953 1661 1983 che
1687 1952 1707 1982 'l
1732 1952 1826 1983 dicto
1851 1951 1982 1993 magni-

1143 2009 1206 2038 fico
1223 2007 1339 2048 signor
1355 2006 1465 2037 havea
1490 2012 1583 2038 tanto
1610 2013 1723 2047 tempo
1742 2006 1876 2048 tignudi
1894 2005 1929 2035 in
1946 2015 1982 2036 so

1142 2060 1303 2097 subsidio,
1327 2069 1430 2102 senca
1455 2060 1509 2090 far
1533 2060 1575 2090 de
1599 2060 1638 2100 ςὸ
1659 2059 1787 2090 noticia
1808 2058 1933 2100 alguna
1951 2057 1983 2088 al

1144 2114 1236 2145 dicto
1253 2114 1403 2155 signore.
1443 2112 1541 2143 Delia
1557 2113 1637 2154 qual
1655 2123 1735 2143 cosa
1753 2112 1783 2143 el
1801 2111 1897 2142 dicto
1916 2122 1985 2142 ma-

1144 2168 1269 2209 gnifico
1293 2168 1410 2208 signor
1435 2167 1470 2197 fo
1488 2166 1593 2208 pereo
1611 2165 1696 2197 assa’
1717 2171 1890 2205 contento,
1907 2175 1986 2207 aco-

1145 2220 1210 2251 0110
1227 2220 1258 2251 el
1275 2230 1319 2251 no
1335 2230 1371 2250 se
1388 2230 1542 2260 possesse
1561 2220 1614 2250 dir
1631 2219 1696 2250 cha
1713 2218 1770 2255 lui,
1792 2219 1855 2249 che
1876 2219 1984 2249 havea

1144 2283 1279 2314 sempre
1304 2273 1436 2304 deffesa
1462 2273 1494 2303 la
1519 2273 1637 2313 ghiesa
1662 2271 1835 2313 d'Agolia,
1860 2270 1926 2302 mo'
1950 2271 1983 2301 la

1146 2328 1366 2368 damnecasse
1385 2336 1450 2357 con
1467 2326 1500 2357 la
1512 2336 1549 2356 so
1563 2331 1675 2367 gente.
1702 2325 1866 2356 Anchora
1879 2324 1985 2365 penso

1146 2380 1270 2422 algune
1288 2389 1366 2410 cose
1383 2379 1588 2410 deshoneste
1606 2379 1637 2410 el
1654 2379 1747 2410 dicto
1765 2378 1886 2409 mesier
1904 2377 1987 2409 Tol-

1147 2433 1244 2464 berto
1270 2439 1389 2464 contra
1408 2432 1440 2462 la
1459 2432 1526 2463 cita
1548 2433 1591 2464 de
1612 2431 1732 2469 Civial,
1752 2432 1815 2462 che
1831 2430 1938 2472 tignia
1956 2430 1987 2461 el

1146 2486 1330 2529 magnifico
1354 2486 1506 2527 signore,
1529 2491 1563 2516 et
1583 2485 1610 2516 si
1635 2485 1725 2516 ando
1748 2485 1780 2515 la
1806 2495 1867 2526 per
1885 2483 1988 2515 ttarla

1148 2539 1191 2571 de
1208 2550 1287 2570 man
1303 2538 1359 2570 del
1377 2539 1470 2570 dicto
1488 2538 1671 2580 magnifico
1689 2538 1838 2579 signore.
1870 2537 1937 2568 Era
1952 2537 1988 2567 in

1148 2593 1181 2624 la
1198 2592 1290 2624 dicta
1314 2598 1406 2623 terra
1426 2602 1485 2633 per
1502 2592 1634 2632 potesta
1651 2592 1681 2622 01
1700 2591 1875 2622 chavalier
1892 2601 1990 2632 egre-

1148 2647 1206 2689 gio
1223 2646 1344 2676 mesier
1362 2645 1509 2676 Girardo
1524 2645 1558 2675 di
1575 2645 1684 2687 Nigri,
1697 2654 1812 2675 sosero
1827 2644 1880 2674 del
1896 2644 1989 2675 dicto

1150 2700 1274 2730 mesier
1288 2698 1467 2735 Tolberto,
1486 2698 1528 2735 o’,
1548 2699 1687 2730 andado
1706 2704 1738 2729 et
1755 2696 1913 2739 [sapudo]
1930 2708 1990 2738 per

1150 2753 1182 2783 lo
1199 2752 1294 2784 dicto
1311 2752 1428 2794 signor
1452 2751 1574 2782 mesier
1592 2752 1787 2782 Francesco
1806 2752 1849 2782 da
1866 2751 1988 2781 Carra-

1151 2816 1201 2843 ra,
1219 2815 1317 2836 como
1335 2804 1402 2836 ello
1420 2805 1591 2835 cerchava
1608 2805 1651 2835 de
1669 2804 1765 2835 daria
1790 2804 1821 2834 al
1842 2804 1924 2834 duse
1948 2804 1990 2834 de

1151 2857 1345 2890 Ostoricho,
1371 2867 1432 2897 per
1454 2856 1488 2887 10
1513 2856 1608 2888 dicto
1628 2867 1665 2888 so
1682 2867 1809 2892 sosero,
1830 2866 1930 2896 preso
1948 2855 1990 2886 de

1241 2980 1264 3004 5.
1286 2972 1341 3006 del]
1361 2975 1459 2997 contra
1479 2973 1503 2995 el
1529 2973 1552 2996 E
1571 2986 1602 2989 —
1622 2979 1664 3003 31.
1693 2972 1811 3003 dignudi
1843 2973 1869 2996 P
1894 2985 1923 2988 —-
1951 2979 1994 3003 39.

1155 3019 1255 3050 dignia
1278 3020 1303 3041 P
