2422 3684
479 407 620 438 REDAZ.
646 406 679 437 A

246 480 319 510 260.
340 497 378 501 —
394 477 549 520 Urgente
575 477 755 509 obsidione
781 477 855 518 ipsa
871 477 920 508 sic
938 487 999 518 po—

156 531 220 562 sita
234 532 276 563 ad
291 538 438 563 castrum
451 531 550 573 Jvani
564 531 836 572 suprascriptum
852 531 999 562 Blasium

157 592 191 616 et
207 590 340 616 ceteros
355 584 569 623 intrinsecos,
595 594 706 614 secum
724 583 848 625 grandi
873 584 999 615 victua-

158 638 238 668 lium
255 637 473 674 necessitate,
490 643 526 667 ut
542 642 624 677 puta
640 636 738 677 panis
756 643 789 667 et
806 646 904 678 aque,
922 637 1000 667 Bla-

157 690 224 721 sius
236 690 308 731 ipse
327 700 404 721 cum
417 689 617 731 regentibus
634 699 793 731 campum
807 689 916 731 ipsius
930 701 1000 720 ma-

156 742 277 785 gnifici
295 742 424 774 domini
441 743 663 784 compellitur
680 743 820 784 pacisci,
837 743 892 774 cui
909 755 1000 775 cam-

156 806 201 836 po
224 795 321 826 miles
346 802 483 836 preerat
506 796 668 838 egregius
697 796 856 828 dominus
873 796 1001 838 Johan-

155 859 216 879 nes
241 848 284 879 de
316 848 466 890 Obiecis„
497 849 644 880 reddere
677 859 713 880 se
746 855 906 885 castrum,
938 850 1002 880 nisi

157 901 248 932 infra
262 901 335 932 dies
347 908 426 933 octo
440 902 504 933 sibi
518 909 741 934 succurratur
753 902 795 933 ab
810 902 1001 939 obsidione,

157 954 291 986 vexillis
316 956 487 996 expansis,
500 956 701 987 obsidentes
724 955 900 996 pellendo.
934 955 1001 986 Pro

157 1017 224 1049 quo
241 1008 446 1039 Tridentum
463 1008 508 1040 ad
526 1010 741 1051 capitaneum
759 1009 807 1039 ibi
823 1019 887 1050 pro
912 1009 1001 1040 duce

157 1061 300 1093 nuncios
332 1068 402 1094 tres
433 1062 535 1101 misit,
568 1072 721 1104 sperans,
746 1062 794 1093 uti
817 1072 912 1103 spem
938 1062 1001 1093 sibi

158 1115 358 1156 capitaneus
381 1114 537 1152 dederat,
554 1115 681 1147 debere
698 1115 863 1147 succurri.
897 1113 1003 1146 Cuius

159 1168 331 1209 capitanei
354 1178 440 1211 gens
464 1168 589 1210 aliqua,
607 1179 669 1209 per
691 1168 767 1200 loca
790 1167 925 1199 salebra
943 1169 1003 1200 de-

157 1221 340 1262 scendens,
377 1222 579 1263 comparuit,
615 1231 792 1253 accessum
828 1221 1000 1258 simulans,

158 1274 319 1317 progredi
344 1285 414 1306 non
446 1280 561 1306 tamen
594 1285 673 1306 ausa
706 1281 797 1312 erat3
831 1275 923 1306 enim
955 1274 1001 1306 ibi

159 1327 318 1360 custodia
341 1338 419 1359 cum
441 1328 525 1370 ipsis
555 1338 635 1359 mox
666 1339 903 1370 congressura.
950 1328 1002 1359 Ex

158 1391 226 1422 quo
239 1381 377 1412 delusus
394 1381 466 1422 ipse
484 1380 619 1412 Blasius
632 1382 776 1414 nuncios
793 1388 933 1423 propter
949 1382 1001 1412 in-

158 1434 323 1466 stanciam
341 1434 475 1465 termini
491 1435 613 1465 iterum
630 1435 770 1474 remisit,
788 1435 845 1477 qui
863 1445 931 1467 non
947 1445 1001 1467 re-

158 1486 288 1528 di[e]re.
327 1488 417 1518 Tum
435 1488 571 1519 demum
591 1487 721 1519 Blasius
739 1489 811 1529 ipse
831 1489 941 1520 timuit
959 1489 1001 1520 de

157 1550 330 1572 successu.
369 1539 459 1571 Nam
477 1547 554 1572 octo
573 1541 694 1572 diebus
712 1542 914 1583 expectatis,
932 1541 1003 1584 qui-

159 1593 222 1624 bus
244 1593 307 1624 sibi
323 1593 436 1625 nullus
460 1594 613 1634 prebitus
630 1600 679 1625 est
696 1605 890 1633 succursus,
908 1594 1002 1626 felici

159 1647 307 1689 quadam
332 1647 387 1678 die
412 1647 572 1678 mercurii
598 1656 689 1678 xxiir
714 1647 841 1678 mensis
856 1654 1002 1689 septem-

159 1700 238 1738 bris,
262 1700 296 1731 in
320 1700 400 1731 solis
424 1706 511 1737 ortu,
529 1706 677 1731 castrum
695 1710 772 1731 cum
791 1701 916 1732 ceteris
933 1700 1003 1731 suis

158 1753 343 1795 egrediens
367 1759 401 1785 et
424 1753 526 1785 rebus
551 1753 696 1790 cunctis,
721 1764 805 1795 quas
828 1753 919 1786 intus
943 1755 1002 1784 ha-

160 1806 275 1844 bebat,
307 1807 356 1838 uti
389 1812 597 1839 conventum
630 1807 755 1843 fuerat,
790 1807 863 1838 viro
895 1807 1003 1838 nobili

159 1860 304 1892 Checho
328 1860 371 1892 de
397 1860 514 1892 Leone
539 1871 603 1902 pro
631 1861 706 1902 ipso
732 1860 921 1902 magnifico
942 1861 1003 1892 do-

159 1913 250 1944 mino
268 1913 451 1955 recipienti
465 1913 693 1956 consignavit.
723 1913 801 1951 Que
819 1920 943 1945 cuncta
961 1914 1003 1945 de

192 1966 274 1998 lasio
310 1967 456 1998 recitata
491 1978 608 1998 mense
643 1977 710 1998 uno
744 1977 820 1998 cum
858 1966 1003 1998 dimidio

161 2020 258 2052 facta
281 2026 368 2052 sunt.

251 2553 325 2583 261.
350 2570 393 2575 —-
415 2552 599 2593 Dispositis
622 2559 735 2585 autem
752 2553 865 2590 rebus,
882 2559 917 2584 ut
934 2559 1005 2584 tac-

163 2611 234 2636 tum
257 2611 319 2641 est,
348 2605 555 2648 assidueque
587 2606 813 2638 crebescente
846 2607 939 2637 fama
963 2606 1004 2636 de

164 2658 261 2690 ducis
284 2658 395 2690 reditu
420 2669 497 2690 cum
522 2659 631 2700 copiis
654 2665 875 2696 armatorum,
890 2670 931 2690 ex
956 2659 1006 2689 in-

163 2716 299 2753 sperato
324 2722 403 2743 mox
425 2711 570 2743 relatum
602 2718 653 2743 est
677 2713 800 2744 ducem
832 2713 940 2754 ipsum
972 2712 1005 2742 in

165 2763 366 2796 Mediolano
389 2765 431 2795 de
455 2766 521 2797 hac
543 2765 621 2797 luce
646 2765 822 2808 migrasse,
836 2772 930 2802 et‚ut
954 2766 1006 2796 fe-

163 2822 243 2848 runt
255 2817 372 2859 aliqui,
387 2827 429 2849 ex
446 2818 652 2857 dissintaria,
670 2829 737 2860 qua
754 2819 877 2850 diebus
894 2818 1006 2849 multis

164 2881 346 2912 oppressus
358 2871 480 2907 iacuit;
497 2877 534 2903 ut
549 2882 632 2903 vero
644 2872 703 2903 alii
715 2872 883 2908 referunt,
900 2872 1006 2904 tacita

163 2924 273 2965 ipsum
297 2924 418 2955 mortis
441 2924 612 2956 violencia
625 2924 838 2961 occubuisse,
856 2935 896 2956 eo
913 2924 1007 2966 quod

164 2975 289 3007 nobilis
311 2976 444 3008 iuvenis
467 2976 681 3020 Aldrogetus
703 2977 748 3008 de
765 2977 1007 3014 Castrobarco‚

165 3029 223 3072 qui
246 3029 326 3060 duci
360 3029 424 3071 ipsi
455 3029 488 3060 in
521 3030 637 3071 patulo
669 3030 852 3068 serviebat,
886 3031 1006 3062 morbo

501 274 674 310 GESTA
703 274 1005 308 MAGNIFICA
1037 272 1223 307 DOMUS
1253 272 1643 307 CARRARIENSIS

1072 895 1131 930 iol

1072 1165 1106 1196 15

1067 1432 1108 1462 20

1068 1696 1108 1728 25

1069 1964 1110 1994 30

1069 2226 1108 2257 35

1070 2552 1110 2581 40

1072 2816 1110 2847 45

1927 273 1992 308 131

1484 403 1624 434 REDAZ.
1649 404 1680 433 D

1248 476 1322 506 260.
1353 491 1388 495 —-
1412 473 1699 515 Constrencando
1726 475 1885 507 l'assedio
1912 476 2002 508 delle

1159 534 1260 571 gente
1295 528 1350 559 del
1383 528 1479 558 dicto
1512 528 1695 569 magnifico
1728 529 1845 571 signer
1878 530 2004 560 mesier

1161 584 1356 614 Francesco
1382 582 1425 612 da
1455 582 1614 619 Carrma,
1640 582 1801 613 mectudo
1833 583 1863 612 al
1897 583 2003 614 castel

1162 637 1204 667 de
1229 637 1325 673 Ivan,
1350 637 1393 667 de
1417 635 1452 667 di
1476 635 1512 666 in
1538 635 1573 666 di
1590 635 1650 676 piii
1680 635 1709 665 el
1729 635 1821 666 dicto
1841 635 1954 667 Biasio
1972 642 2006 666 et

1162 689 1239 720 tutti
1266 689 1362 731 quilli
1394 688 1517 720 dentro
1550 699 1611 729 per
1643 698 1725 729 gran
1761 688 1930 720 necessita
1963 690 2005 720 de

1162 742 1328 773 victuarie
1355 749 1388 773 et
1424 741 1560 783 d'aqua,
1593 741 1625 772 el
1656 741 1750 772 dicto
1784 742 1896 773 Biasio
1925 753 2006 773 con-

1161 801 1289 826 strecto
1314 794 1436 837 pateeo
1455 804 1519 826 con
1537 794 1644 836 quilli,
1663 794 1727 825 che
1746 805 1849 837 regea
1868 795 1898 825 el
1915 806 2007 827 cam-

1163 859 1217 889 po,
1245 848 1301 878 del
1335 848 1412 889 qual
1444 848 1552 879 allora
1585 858 1644 878 era
1676 848 1850 888 capitanio
1884 849 2006 879 mesier

1162 900 1304 945 ‚Cuanne
1330 901 1387 931 dei
1411 899 1525 942 Obici,
1549 900 1613 931 che
1639 911 1674 932 se
1691 901 1725 931 in
1743 902 1809 932 fina
1827 908 1904 933 octo
1922 902 1957 932 di
1974 903 2005 934 el

1162 964 1206 985 no
1223 954 1254 984 ie
1280 954 1359 984 vien
1383 952 1426 983 da
1450 963 1603 990 secorso,
1619 953 1768 986 levando
1786 955 1840 985 via
1857 955 1889 986 el
1912 955 2005 986 dicto

1162 1017 1296 1048 campo,
1322 1013 1355 1037 et
1371 1007 1420 1037 sia
1437 1013 1558 1049 questo
1575 1017 1713 1040 secorso
1732 1018 1797 1040 con
1814 1009 1846 1039 le
1864 1008 2007 1040 bandie-

1162 1073 1198 1093 re
1224 1061 1358 1098 Ievade,
1374 1061 1442 1093 ello
1460 1061 1609 1093 render&
1626 1062 1658 1093 el
1683 1061 1837 1093 castello.
1885 1061 1928 1092 Et
1945 1072 2007 1103 per

1162 1121 1284 1157 questo
1309 1115 1376 1146 ello
1401 1114 1527 1145 mando
1551 1115 1592 1146 tri
1619 1126 1655 1147 so
1690 1115 1792 1146 messi
1825 1126 1842 1145 a
1873 1115 2005 1147 Trento

1161 1168 1193 1199 al
1219 1168 1404 1209 capitanio‚
1432 1167 1495 1199 che
1521 1179 1579 1199 era
1605 1166 1628 1198 li
1660 1179 1723 1210 per
1747 1168 1780 1199 lo
1812 1169 1906 1205 duse,
1931 1179 2008 1210 spe-

1162 1221 1272 1253 rando
1296 1221 1330 1252 di
1355 1231 1450 1251 esser
1472 1231 1621 1261 secorso,
1647 1232 1747 1252 como
1773 1222 1804 1252 el
1830 1221 2007 1262 capitanio

1163 1274 1220 1305 del
1255 1273 1338 1305 duse
1373 1275 1406 1305 ie
1442 1274 1552 1305 havea
1587 1285 1776 1316 promesso.
1824 1276 1889 1306 Del
1927 1276 2007 1317 qual

1163 1328 1338 1369 capitanio
1363 1339 1542 1370 compasse
1568 1328 1634 1360 ben
1659 1329 1784 1371 alguna
1808 1334 1925 1370 gente,
1950 1329 2008 1360 de-

1163 1382 1369 1412 smontando
1394 1392 1472 1423 coso
1497 1392 1560 1423 per
1583 1383 1676 1424 luogi
1701 1383 1877 1425 salvadegi
1902 1388 1935 1414 et
1959 1382 2008 1413 al-

1164 1434 1282 1474 pestri,
1300 1436 1499 1466 mostrando
1526 1436 1569 1466 de
1593 1436 1690 1467 voler
1714 1436 1824 1478 viguit
1848 1447 1867 1466 a
1891 1445 2005 1467 secor-

1164 1498 1217 1518 rer
1241 1488 1273 1518 el
1297 1488 1391 1519 dicto
1418 1486 1543 1525 Biasio,
1562 1500 1616 1519 ma
1636 1499 1678 1520 no
1695 1489 1816 1520 ardida
1834 1489 1939 1531 perci)
1957 1488 2000 1520 de

1164 1541 1256 1571 farse
1291 1541 1417 1582 inanci,
1456 1542 1587 1582 perche
1623 1542 1655 1573 la
1689 1549 1791 1584 gente
1827 1542 1883 1574 del
1920 1543 2005 1574 ditto

1165 1594 1347 1635 magnifico
1366 1594 1481 1635 signor
1498 1595 1621 1625 mesier
1640 1596 1835 1626 Francesco
1860 1594 1904 1625 da
1924 1594 2008 1624 Car-

1163 1658 1240 1678 rara
1264 1658 1322 1678 era
1345 1647 1368 1677 li
1394 1648 1583 1688 appariada
1608 1658 1669 1689 per
1693 1654 1768 1679 tuor
1804 1647 1917 1678 subito
1949 1646 2008 1677 ba-

1164 1701 1242 1732 tuia.
1288 1700 1355 1731 Per
1380 1701 1411 1731 la
1436 1701 1516 1741 qual
1541 1712 1621 1732 cosa
1658 1701 1770 1738 Biaso,
1795 1700 2006 1743 tegnandose

1165 1753 1306 1785 beffado
1349 1760 1380 1785 et
1423 1765 1484 1794 per
1523 1754 1716 1786 l'instancia
1756 1755 1811 1785 del
1855 1761 2006 1785 termene

1165 1807 1292 1847 brieve,
1310 1808 1464 1839 anchora
1482 1808 1644 1838 remando
1670 1807 1769 1838 messi
1788 1808 1821 1838 al
1838 1807 1931 1838 dicto
1952 1817 2008 1837 ca-

1164 1861 1307 1901 pitanio‚
1340 1861 1348 1890 i
1377 1860 1471 1901 quali
1496 1871 1539 1891 no
1566 1861 1666 1892 torno
1691 1862 1767 1893 mai.
1825 1862 2005 1892 Temando

1165 1914 1272 1945 allora
1295 1913 1409 1945 Biasio
1436 1915 1478 1945 de
1499 1924 1597 1955 peco,
1622 1914 1752 1955 perche
1768 1914 1851 1946 l‘era
1872 1914 2006 1955 passadi

1165 1967 1176 1997 i
1208 1967 1240 1998 dl
1275 1972 1347 1998 otto
1380 1973 1414 1998 et
1444 1977 1488 1998 no
1523 1967 1631 1998 havea
1666 1968 1756 1999 habu
1787 1978 1937 2003 secorso,
1975 1968 2008 1998 el

1166 2021 1220 2052 de‘
1245 2021 1276 2052 el
1309 2021 1451 2052 castello
1485 2032 1530 2051 un
1561 2021 1594 2052 dl
1618 2021 1764 2052 mercori
1798 2021 2006 2062 vintiquatro

1165 2074 1222 2105 del
1239 2084 1331 2105 mese
1349 2073 1392 2104 de
1406 2073 1610 2115 septembre,
1625 2074 1770 2105 insando
1787 2075 1830 2105 de
1850 2075 1947 2105 fuora
1962 2074 2007 2104 lui

1166 2132 1199 2158 et
1222 2127 1253 2158 le
1278 2137 1314 2158 so
1340 2127 1454 2158 donne
1480 2133 1513 2158 et
1531 2128 1615 2158 tucti
1632 2127 1642 2157 i
1660 2127 1711 2158 soi
1729 2137 1795 2158 con
1811 2128 1843 2158 le
1860 2137 1897 2159 so
1916 2137 2006 2164 cose,

1165 2190 1262 2211 como
1287 2190 1345 2211 era
1369 2186 1420 2210 sta
1438 2181 1481 2211 de
1498 2186 1612 2221 pacto.
1659 2180 1702 2211 Et
1727 2181 1755 2211 si
1782 2181 1949 2223 consigno
1974 2181 2007 2212 el

1165 2233 1257 2264 dicto
1284 2233 1426 2264 castello
1462 2233 1494 2265 al
1530 2233 1634 2265 nobel
1657 2234 1759 2266 homo
1790 2234 1935 2266 Checho
1961 2235 2005 2265 da

1165 2286 1266 2323 Lion,
1285 2287 1480 2318 recevando
1506 2287 1620 2329 quello
1644 2297 1706 2328 per
1730 2297 1829 2318 nome
1855 2287 1911 2319 del
1930 2288 2006 2319 dic-

1164 2345 1199 2370 to
1224 2339 1407 2381 magnifico
1442 2339 1559 2381 signor
1592 2341 1716 2371 mester
1738 2340 1935 2372 Francesco
1960 2341 2004 2372 da

1165 2393 1322 2423 Carrara.
1370 2392 1420 2424 Le
1445 2393 1524 2435 qual
1549 2399 1635 2425 tutte
1659 2404 1739 2425 cose
1763 2394 2006 2436 recitadestdel

1165 2445 1260 2477 dicto
1287 2444 1401 2478 Biasio
1425 2446 1512 2477 dure)
1537 2457 1581 2477 un
1605 2457 1694 2478 mese
1720 2453 1754 2478 et
1779 2457 1887 2489 meco.

1253 2552 1327 2583 261.
1352 2569 1392 2574 —-
1419 2551 1550 2583 Siando
1574 2553 1604 2584 le
1619 2563 1699 2584 cose
1725 2553 1888 2594 disposte,
1907 2563 2007 2585 como

1166 2605 1182 2635 ὲ
1208 2604 1310 2641 dicto,
1337 2612 1370 2636 et
1403 2611 1491 2637 tutto
1516 2606 1536 2637 ’1
1562 2606 1596 2637 di
1626 2607 1810 2638 cressando
1835 2606 1867 2637 la
1891 2617 2008 2638 nome-

1166 2668 1275 2701 nanca
1300 2659 1356 2689 del
1380 2664 1497 2690 tornar
1522 2659 1579 2690 del
1604 2660 1686 2691 duse
1713 2670 1778 2690 con
1797 2666 1901 2702 gente
1920 2661 2008 2691 d'ar-

1166 2723 1230 2748 me,
1246 2712 1289 2742 de
1314 2712 1426 2743 subito
1452 2712 1488 2743 fo
1513 2712 1607 2744 dicto
1634 2712 1665 2743 el
1690 2713 1784 2744 dicto
1809 2713 1891 2744 duse
1915 2724 2008 2745 esser

1166 2770 1276 2796 morto
1301 2775 1319 2794 a
1344 2764 1463 2802 Milan,
1488 2771 1533 2802 et,
1559 2775 1657 2797 como
1682 2766 1796 2808 alguni
1830 2767 1930 2803 disse,
1963 2767 2005 2798 de

1167 2817 1372 2855 dissintaria‚
1397 2817 1490 2849 della
1513 2819 1591 2860 qual
1618 2819 1649 2850 el
1675 2820 1750 2861 case
1777 2819 1871 2850 molti
1905 2820 1937 2850 di
1969 2820 2005 2850 in

1167 2871 1271 2907 lecto,
1292 2877 1334 2909 et,
1352 2881 1450 2902 como
1476 2871 1552 2902 altri
1574 2872 1674 2908 disse,
1699 2871 1741 2904 de
1766 2883 1833 2904 una
1850 2874 1937 2904 altra
1960 2879 2007 2903 ta-

1167 2924 1235 2955 cita
1259 2930 1378 2955 morte.
1411 2925 1453 2955 Et
1477 2931 1598 2966 questo
1622 2925 1730 2962 disea,
1748 2925 1877 2966 perche
1897 2927 1929 2957 el
1950 2936 2006 2967 co-

1168 2987 1254 3008 vene
1278 2978 1418 3020 egregio
1452 2977 1633 3020 Aldrigeto
1666 2978 1711 3009 da
1746 2977 2004 3015 Castelbarcho‚

1166 3031 1195 3061 el
1225 3031 1305 3072 qual
1329 3031 1461 3062 serviva
1485 3031 1552 3062 alla
1576 3041 1693 3063 mensa
1718 3037 1753 3064 et
1776 3042 1924 3073 persona
1949 3032 2004 3063 del
